3109 4825
233 629 236 638 .
401 471 1164 656 278FR'AN01891'BALDer1
1251 475 1260 556 3·
1294 571 1303 582 .-

403 713 472 820 (vt
486 724 587 795 varia
601 732 692 800 tunc
707 733 812 794 erant
826 689 1082 795 hominum-de
1100 714 1285 816 religione

399 819 562 924 iudicia)
593 816 742 922 public‘e
757 820 971 921 *adpellatus
1001 817 1052 895 est
1080 820 1101 862 ἕ
1120 816 1287 898 ADVO-

188 875 197 898 ’
290 954 295 968 1
341 921 372 1014 ,·
401 920 573 1002 CATvs
609 919 1067 1002 CHRlSTlANORVM?
1116 917 1183 996 An
1215 923 1287 1000 ho.

401 1049 486 1109 rum
509 1021 665 1102 oauffam
684 1024 880 1127 aliquando
907 1032 947 1100 in
969 1023 1055 1101 loro
1080 1023 1189 1100 Rom.
1211 1028 1288 1101 Mi-

208 1155 210 1160 ’
365 1161 367 1166 ·
401 1135 536 1205 nucius
552 1135 688 1231 egerit,
717 1127 855 1207 nescio.
908 1127 1020 1208 Certe
1030 1128 1287 1205 Tertullianus

403 1235 469 1310 vix
491 1231 568 1309 hoc
598 1228 734 1311 licuisse
761 1228 952 1335 signifieat„
1028 1232 1129 1305 Tam
1157 1227 1287 1308 odiosa

238 1377 241 1384 ·
294 1381 297 1390 ·
367 1349 492 1428 ,tunc
508 1349 586 1411 erat
599 1360 730 1414 eorum
750 1330 826 1411 fiue
846 1337 999 1436 religio,
1022 1330 1096 1408 siue
1119 1329 1302 1433 ecclesia.

191 1491 195 1510 ι
332 1521 336 1528 ,
402 1443 467 1515 cui
479 1434 586 1513 status
604 1437 835 1538 reipublicae
856 1443 1071 1538 imperiique
1092 1435 1201 1512 Rom.
1223 1433 1287 1512 ad.

165 1683 171 1698 ·
223 1729 239 1766 ι
264 1631 272 1714 s
400 1640 545 1718 iudiciis
568 1640 756 1743 emiolia,
787 1659 830 1720 vt
854 1639 964 1743 ipsius
989 1647 1151 1727 nominis

401 1536 633 1637 versabatur3
657 1557 786 1639 totque
801 1548 875 1616 iam
900 1555 977 1615 erat
998 1538 1156 1639 publicis
1173 1564 1285 1719 glae-

1237 1666 1287 1717 n.

403 1742 506 1819 lilani
525 1742 705 1822 confellro
722 1743 768 1821 ad
784 1743 1060 1821 damnationem
1081 1741 1162 1820 satis
1184 1740 1282 1820 ellel.

403 1847 573 1923 Tantum
602 1845 718 1947 abest,
755 1864 799 1926 vt
827 1848 937 1923 huius
964 1842 1282 1947 religionis‘ellelg

402 1972 497 2048 quae
512 1948 686 2026 libertatis
712 1966 809 2050 erat,
847 1947 1013 2027 adsertio.
1089 1945 1159 2025 Sed
1176 1965 1283 2026 tanto

401 2057 519 2151 magis
533 2058 674 2129 interea
687 2058 804 2130 miror
825 2058 866 2127 in
880 2070 957 2129 tam
977 2049 1135 2152 profano
1157 2069 1194 2128 et
1214 2057 1286 2126 ini-
1331 2115 1335 2123 .

296 2207 300 2216 ·
401 2155 505 2229 mico
518 2149 604 2230 foro
627 2151 821 2230 consistere
843 2151 1079 2229 cauffidicum
1096 2159 1198 2254 pium
1217 2178 1287 2255 po·

406 2250 520 2330 tuille.
571 2258 712 2330 Mirum
724 2281 817 2333 vero
830 2315 847 2354 ,ἰ
870 2282 982 2357 quum
994 2262 1068 2331 iam
1083 2261 1187 2331 annis
1199 2281 1287 2357 pro·

402 2378 451 2456 pe
466 2353 634 2434 ducentis
649 2358 749 2437 orbis
763 2359 953 2437 Romanus
974 2375 1011 2434 et
1026 2356 1144 2459 palam
1162 2375 1198 2436 et
1217 2384 1285 2460 pu·

401 2458 499 2534 bliee
517 2477 553 2535 et
568 2461 681 2536 libere
697 2459 845 2539 Christo
861 2487 1002 2538 nornen
1024 2458 1193 2560 dedillet,
1220 2488 1285 2539 au·

402 2559 564 2643 &oribus
578 2561 661 2664 iplis
675 2550 978 2666 imperatoribus,
1003 2561 1117 2641 visam
1139 2561 1211 2640 elle
1231 2563 1283 2640 le-

304 2738 317 2749 ,
401 2687 488 2765 gem
503 2663 760 2765 neceffariarn,
785 2692 879 2766 quae
896 2682 933 2743 et
954 2665 1102 2744 tandem
1122 2667 1192 2742 lata
1217 2664 1296 2768 est,-

401 2774 444 2843 vt
455 2771 495 2841 in
511 2768 613 2846 nullo
626 2767 711 2846 loro
729 2769 790 2845 vel
806 2766 1007 2848 aduocatos
1031 2770 1092 2847 vel
1118 2766 1283 2848 cauffidi-

301 2970 303 2981 Ι
341 2891 342 2894 ’
390 2872 468 2945 'cus
482 2867 699 2970 effetvlluS,
723 2870 785 2947 vel
801 2877 858 2945 ius
874 2869 1081 2970 postulandi
1091 2879 1283 2972 quisquam

394 3928 397 3932 ’
439 3929 673 4027 *παράκλητος
690 3932 857 4026 χςιςιινόν·
879 3925 988 3998 Euseb.
1003 3932 1070 3998 d.l.
1102 3959 1110 3967 “
1204 3940 1211 3951 ’
1261 3936 1264 3941 ’

247 4038 252 4057 l

202 4056 365 4176 q„
968 4078 971 4091 ι

337 4124 368 4153 ιΙΙ
802 4106 806 4119 ’

342 4230 361 4245 ι.

343 4250 353 4273 Ι

321 4476 326 4483 ι
637 4468 643 4483 Ι

400 2969 572 3071 haberet,
604 2980 667 3073 qui
689 2970 918 3052 Christianus
936 2999 1017 3050 non
1044 2971 1139 3050 ellet.
1190 2974 1283 3075 Lege

399 3071 493 3150 Vlll.
508 3073 605 3153 Cod.
619 3073 874 3175 depafiulando.
927 3078 1052 3175 Qram
1075 3076 1144 3153 fuit
1160 3083 1282 3177 itaque
1332 3086 1335 3092 ’

400 3176 527 3253 nobile
538 3181 699 3254 Minucii
712 3178 826 3256 nostri
841 3181 1061 3280 exemplum,
1087 3187 1151 3280 qui
1164 3180 1284 3258 bo'na·

400 3301 485 3354 rum
508 3286 686 3382 partium,
725 3299 904 3394 quantum
929 3289 1068 3384 potuit,
1100 3301 1306 3384 patronusv

400 3379 543 3458 Rornae
563 3380 651 3482 fuit,
678 3409 755 3484 quo
783 3404 949 3486 ternpore
969 3383 1140 3463 nondum
1161 3392 1283 3487 impu-

386 3506 449 3559 ‘ne
463 3481 540 3560 hoe
556 3483 709 3564 licebat?
734 3504 834 3565 certe
849 3487 1065 3566 Christianis
1090 3505 1180 3566 tunc
1202 3505 1284 3568 erat

397 3584 629 3702 interdidlrrm
655 3588 761 3689 foro,
788 3616 908 3691 neque
930 3598 974 3668 iis
996 3598 1053 3666 ius
1074 3589 1282 3692 postulandi

397 3706 546 3793 praetor
562 3688 679 3770 dabat.
718 3719 851 3771 verum
864 3689 928 3797 otfi
944 3701 1060 3799 magis
1080 3695 1132 3771 illi
1142 3692 1282 3800 palliati

462 3830 480 3858 υ
1128 3842 1130 3847 ·
1167 3823 1280 3902 quarn
