<?xml version="1.0" encoding="UTF-8"?>
<!DOCTYPE html PUBLIC "-//W3C//DTD XHTML 1.0 Transitional//EN"
    "http://www.w3.org/TR/xhtml1/DTD/xhtml1-transitional.dtd">
<html xmlns="http://www.w3.org/1999/xhtml" xml:lang="en" lang="en">
 <head>
  <title>
</title>
<meta http-equiv="Content-Type" content="text/html;charset=utf-8" />
  <meta name='ocr-system' content='tesseract 3.04.00' />
  <meta name='ocr-capabilities' content='ocr_page ocr_carea ocr_par ocr_line ocrx_word'/>
</head>
<body>
  <div class='ocr_page' id='page_1' title='image "./mminvciifelicis00feligoog/mminvciifelicis00feligoog_0325.png"; bbox 0 0 3109 4825; ppageno 0'>
   <div class='ocr_carea' id='block_1_1' title="bbox 374 451 1343 648">
    <p class='ocr_par' dir='ltr' id='par_1_1' title="bbox 374 451 1343 648">
     <span class='ocr_line' id='line_1_1' title="bbox 374 451 1343 648; baseline 0.014 -67"><span class='ocrx_word' id='word_1_1' title='bbox 374 568 377 581; x_wconf 87' lang='lat'><em>.</em></span> <span class='ocrx_word' id='word_1_2' title='bbox 499 465 939 615; x_wconf 70' lang='lat' dir='ltr'>&#39;nissmmimo</span> <span class='ocrx_word' id='word_1_3' title='bbox 1108 451 1343 648; x_wconf 27' lang='lat'>299⁸„</span> 
     </span>
    </p>
   </div>
   <div class='ocr_carea' id='block_1_2' title="bbox 265 701 1272 1528">
    <p class='ocr_par' dir='ltr' id='par_1_2' title="bbox 291 701 1241 998">
     <span class='ocr_line' id='line_1_2' title="bbox 301 701 1209 807; baseline -0.012 -22"><span class='ocrx_word' id='word_1_4' title='bbox 301 711 368 785; x_wconf 84' lang='lat' dir='ltr'>vio</span> <span class='ocrx_word' id='word_1_5' title='bbox 380 703 485 807; x_wconf 89' lang='lat' dir='ltr'>plura</span> <span class='ocrx_word' id='word_1_6' title='bbox 500 711 540 779; x_wconf 92' lang='lat' dir='ltr'>in</span> <span class='ocrx_word' id='word_1_7' title='bbox 557 703 856 782; x_wconf 82' lang='lat' dir='ltr'>adnotationibus</span> <span class='ocrx_word' id='word_1_8' title='bbox 872 702 917 780; x_wconf 91' lang='lat' dir='ltr'>ad</span> <span class='ocrx_word' id='word_1_9' title='bbox 929 703 1028 778; x_wconf 89' lang='lat' dir='ltr'>illam</span> <span class='ocrx_word' id='word_1_10' title='bbox 1043 701 1209 804; x_wconf 69' lang='lat' dir='ltr'>sipisim:</span> 
     </span>
     <span class='ocr_line' id='line_1_3' title="bbox 291 807 1207 908; baseline -0.012 -24"><span class='ocrx_word' id='word_1_11' title='bbox 291 810 398 907; x_wconf 82' lang='lat' dir='ltr'>lam,</span> <span class='ocrx_word' id='word_1_12' title='bbox 425 833 518 906; x_wconf 90' lang='lat' dir='ltr'>quae</span> <span class='ocrx_word' id='word_1_13' title='bbox 541 814 615 884; x_wconf 90' lang='lat' dir='ltr'>iam</span> <span class='ocrx_word' id='word_1_14' title='bbox 640 826 807 908; x_wconf 89' lang='lat' dir='ltr'>repetere</span> <span class='ocrx_word' id='word_1_15' title='bbox 822 807 912 880; x_wconf 87' lang='lat' dir='ltr'>nihil</span> <span class='ocrx_word' id='word_1_16' title='bbox 930 813 1066 881; x_wconf 85' lang='lat' dir='ltr'><strong>attinet.</strong></span> <span class='ocrx_word' id='word_1_17' title='bbox 1116 810 1207 886; x_wconf 84' lang='lat' dir='ltr'>Vt.-</span> 
     </span>
     <span class='ocr_line' id='line_1_4' title="bbox 302 909 1241 998; baseline -0.003 -7"><span class='ocrx_word' id='word_1_18' title='bbox 302 931 345 991; x_wconf 90' lang='lat' dir='ltr'>vt</span> <span class='ocrx_word' id='word_1_19' title='bbox 375 928 497 988; x_wconf 86' lang='lat' dir='ltr'>autem</span> <span class='ocrx_word' id='word_1_20' title='bbox 525 910 699 990; x_wconf 71' lang='lat' dir='ltr'>noslurni</span> <span class='ocrx_word' id='word_1_21' title='bbox 728 909 1024 998; x_wconf 76' lang='lat' dir='ltr'>Christianorum</span> <span class='ocrx_word' id='word_1_22' title='bbox 1051 927 1182 988; x_wconf 83' lang='lat' dir='ltr'>coetus</span> <span class='ocrx_word' id='word_1_23' title='bbox 1238 921 1241 928; x_wconf 90' lang='lat'>&#39;</span> 
     </span>
    </p>

    <p class='ocr_par' dir='ltr' id='par_1_3' title="bbox 265 1010 1272 1528">
     <span class='ocr_line' id='line_1_5' title="bbox 301 1010 1272 1113; baseline -0.011 -21"><span class='ocrx_word' id='word_1_24' title='bbox 301 1020 449 1094; x_wconf 86' lang='lat' dir='ltr'>innoxii</span> <span class='ocrx_word' id='word_1_25' title='bbox 463 1010 595 1113; x_wconf 83' lang='lat' dir='ltr'>essent,</span> <span class='ocrx_word' id='word_1_26' title='bbox 622 1030 746 1089; x_wconf 85' lang='lat' dir='ltr'>tamen</span> <span class='ocrx_word' id='word_1_27' title='bbox 772 1011 937 1090; x_wconf 81' lang='lat' dir='ltr'>obllabat</span> <span class='ocrx_word' id='word_1_28' title='bbox 962 1014 1024 1100; x_wconf 74' lang='lat' dir='ltr'>lex,</span> <span class='ocrx_word' id='word_1_29' title='bbox 1044 1010 1183 1110; x_wconf 81' lang='lat' dir='ltr'>duode.</span> <span class='ocrx_word' id='word_1_30' title='bbox 1270 1041 1272 1046; x_wconf 96' lang='lat'>·</span> 
     </span>
     <span class='ocr_line' id='line_1_6' title="bbox 304 1114 1185 1215; baseline -0.008 -16"><span class='ocrx_word' id='word_1_31' title='bbox 304 1125 378 1199; x_wconf 87' lang='lat' dir='ltr'>cim</span> <span class='ocrx_word' id='word_1_32' title='bbox 399 1116 521 1196; x_wconf 86' lang='lat' dir='ltr'>Tabb.</span> <span class='ocrx_word' id='word_1_33' title='bbox 551 1118 675 1196; x_wconf 89' lang='lat' dir='ltr'>multis</span> <span class='ocrx_word' id='word_1_34' title='bbox 704 1115 859 1193; x_wconf 84' lang='lat' dir='ltr'>decretis</span> <span class='ocrx_word' id='word_1_35' title='bbox 886 1114 1124 1215; x_wconf 88' lang='lat' dir='ltr'>confirmata,</span> <span class='ocrx_word' id='word_1_36' title='bbox 1145 1121 1185 1196; x_wconf 85' lang='lat' dir='ltr'>¹et</span> 
     </span>
     <span class='ocr_line' id='line_1_7' title="bbox 265 1217 1181 1324; baseline -0.002 -27"><span class='ocrx_word' id='word_1_37' title='bbox 265 1277 279 1290; x_wconf 81' lang='grc'>-.</span> <span class='ocrx_word' id='word_1_38' title='bbox 303 1227 432 1324; x_wconf 85' lang='lat' dir='ltr'>grauia</span> <span class='ocrx_word' id='word_1_39' title='bbox 453 1235 558 1297; x_wconf 89' lang='lat' dir='ltr'>erant</span> <span class='ocrx_word' id='word_1_40' title='bbox 589 1217 725 1297; x_wconf 90' lang='lat' dir='ltr'>iudicia</span> <span class='ocrx_word' id='word_1_41' title='bbox 756 1220 802 1296; x_wconf 89' lang='lat' dir='ltr'>de</span> <span class='ocrx_word' id='word_1_42' title='bbox 833 1220 998 1321; x_wconf 84' lang='lat' dir='ltr'>collegiis</span> <span class='ocrx_word' id='word_1_43' title='bbox 1033 1220 1181 1295; x_wconf 77' lang='lat' dir='ltr'>illicitis,</span> 
     </span>
     <span class='ocr_line' id='line_1_8' title="bbox 303 1321 1182 1426; baseline -0.001 -25"><span class='ocrx_word' id='word_1_44' title='bbox 303 1322 433 1411; x_wconf 86' lang='lat' dir='ltr'>Nostri</span> <span class='ocrx_word' id='word_1_45' title='bbox 443 1350 535 1402; x_wconf 91' lang='lat' dir='ltr'>vero</span> <span class='ocrx_word' id='word_1_46' title='bbox 551 1321 835 1423; x_wconf 79' lang='lat' dir='ltr'>respondebant,</span> <span class='ocrx_word' id='word_1_47' title='bbox 851 1324 944 1397; x_wconf 90' lang='lat' dir='ltr'>nihil</span> <span class='ocrx_word' id='word_1_48' title='bbox 960 1323 1182 1426; x_wconf 90' lang='lat' dir='ltr'>reipublicae</span> 
     </span>
     <span class='ocr_line' id='line_1_9' title="bbox 305 1423 1186 1528; baseline -0.003 -25"><span class='ocrx_word' id='word_1_49' title='bbox 305 1424 377 1503; x_wconf 82' lang='lat' dir='ltr'>elie</span> <span class='ocrx_word' id='word_1_50' title='bbox 392 1428 544 1528; x_wconf 83' lang='lat' dir='ltr'>periculi</span> <span class='ocrx_word' id='word_1_51' title='bbox 566 1426 674 1504; x_wconf 87' lang='lat' dir='ltr'>asuis</span> <span class='ocrx_word' id='word_1_52' title='bbox 697 1427 944 1527; x_wconf 78' lang='lat' dir='ltr'>coitionibuS,</span> <span class='ocrx_word' id='word_1_53' title='bbox 968 1432 1051 1525; x_wconf 88' lang='lat' dir='ltr'>quia</span> <span class='ocrx_word' id='word_1_54' title='bbox 1073 1423 1186 1507; x_wconf 80' lang='lat' dir='ltr'>ellent&#39;</span> 
     </span>
    </p>
   </div>
   <div class='ocr_carea' id='block_1_3' title="bbox 306 1526 1362 1627">
    <p class='ocr_par' dir='ltr' id='par_1_4' title="bbox 306 1526 1362 1627">
     <span class='ocr_line' id='line_1_10' title="bbox 306 1526 1362 1627; baseline -0.014 -21"><span class='ocrx_word' id='word_1_55' title='bbox 306 1526 511 1608; x_wconf 84' lang='lat' dir='ltr'>alienillimi</span> <span class='ocrx_word' id='word_1_56' title='bbox 532 1530 576 1606; x_wconf 90' lang='lat' dir='ltr'>ab</span> <span class='ocrx_word' id='word_1_57' title='bbox 595 1536 701 1606; x_wconf 87' lang='lat' dir='ltr'>omni</span> <span class='ocrx_word' id='word_1_58' title='bbox 715 1531 776 1608; x_wconf 90' lang='lat' dir='ltr'>vel</span> <span class='ocrx_word' id='word_1_59' title='bbox 799 1530 1022 1627; x_wconf 83' lang='lat' dir='ltr'>ambitione,</span> <span class='ocrx_word' id='word_1_60' title='bbox 1048 1530 1108 1603; x_wconf 86' lang='lat' dir='ltr'>vel</span> <span class='ocrx_word' id='word_1_61' title='bbox 1130 1530 1185 1608; x_wconf 83' lang='lat' dir='ltr'>vl.</span> <span class='ocrx_word' id='word_1_62' title='bbox 1280 1535 1308 1580; x_wconf 83' lang='lat'>&#39;-</span> <span class='ocrx_word' id='word_1_63' title='bbox 1358 1577 1362 1588; x_wconf 85' lang='lat'>.</span> 
     </span>
    </p>
   </div>
   <div class='ocr_carea' id='block_1_4' title="bbox 260 1630 1291 3074">
    <p class='ocr_par' dir='ltr' id='par_1_5' title="bbox 260 1630 1291 3074">
     <span class='ocr_line' id='line_1_11' title="bbox 304 1630 1186 1748; baseline 0 -40"><span class='ocrx_word' id='word_1_64' title='bbox 304 1633 376 1712; x_wconf 88' lang='lat' dir='ltr'>lius</span> <span class='ocrx_word' id='word_1_65' title='bbox 394 1630 578 1748; x_wconf 77' lang='lat' dir='ltr'>dignitatis</span> <span class='ocrx_word' id='word_1_66' title='bbox 594 1640 842 1733; x_wconf 83' lang='lat' dir='ltr'>cogitatione,</span> <span class='ocrx_word' id='word_1_67' title='bbox 857 1633 1034 1732; x_wconf 90' lang='lat' dir='ltr'>nihilque</span> <span class='ocrx_word' id='word_1_68' title='bbox 1048 1630 1186 1716; x_wconf 86' lang='lat' dir='ltr'>essetin</span> 
     </span>
     <span class='ocr_line' id='line_1_12' title="bbox 305 1733 1183 1836; baseline -0.002 -23"><span class='ocrx_word' id='word_1_69' title='bbox 305 1736 514 1836; x_wconf 84' lang='lat' dir='ltr'>republica,</span> <span class='ocrx_word' id='word_1_70' title='bbox 529 1735 630 1836; x_wconf 91' lang='lat' dir='ltr'>quod</span> <span class='ocrx_word' id='word_1_71' title='bbox 647 1735 888 1834; x_wconf 72' lang='lat' dir='ltr'>adsedlatent,</span> <span class='ocrx_word' id='word_1_72' title='bbox 911 1735 972 1812; x_wconf 94' lang='lat' dir='ltr'>sed</span> <span class='ocrx_word' id='word_1_73' title='bbox 986 1733 1049 1811; x_wconf 89' lang='lat' dir='ltr'>sua</span> <span class='ocrx_word' id='word_1_74' title='bbox 1070 1733 1183 1811; x_wconf 85' lang='lat' dir='ltr'>essent</span> 
     </span>
     <span class='ocr_line' id='line_1_13' title="bbox 304 1838 1271 1941; baseline -0.001 -26"><span class='ocrx_word' id='word_1_75' title='bbox 304 1847 446 1941; x_wconf 87' lang='lat' dir='ltr'>priuata</span> <span class='ocrx_word' id='word_1_76' title='bbox 468 1838 685 1932; x_wconf 82' lang='lat' dir='ltr'>conditione</span> <span class='ocrx_word' id='word_1_77' title='bbox 712 1846 901 1939; x_wconf 86' lang='lat' dir='ltr'>contenti,</span> <span class='ocrx_word' id='word_1_78' title='bbox 925 1858 967 1917; x_wconf 89' lang='lat' dir='ltr'>vt</span> <span class='ocrx_word' id='word_1_79' title='bbox 988 1839 1197 1918; x_wconf 71' lang='lat' dir='ltr'>Tertullia,</span> <span class='ocrx_word' id='word_1_80' title='bbox 1269 1891 1271 1898; x_wconf 71' lang='lat'>,</span> 
     </span>
     <span class='ocr_line' id='line_1_14' title="bbox 306 1941 1291 2074; baseline 0 -56"><span class='ocrx_word' id='word_1_81' title='bbox 306 1941 842 2044; x_wconf 74' lang='lat' dir='ltr'>nusinApolog.respondet.,</span> <span class='ocrx_word' id='word_1_82' title='bbox 1051 1969 1057 1983; x_wconf 83' lang='grc'><em>’</em></span> <span class='ocrx_word' id='word_1_83' title='bbox 1172 2007 1191 2074; x_wconf 41' lang='grc' dir='ltr'>χ</span> <span class='ocrx_word' id='word_1_84' title='bbox 1231 1959 1233 1968; x_wconf 89' lang='grc'><strong>’</strong></span> <span class='ocrx_word' id='word_1_85' title='bbox 1286 1983 1291 2042; x_wconf 86' lang='lat'>.&#39;</span> 
     </span>
     <span class='ocr_line' id='line_1_15' title="bbox 349 2039 1188 2147; baseline -0.005 -26"><span class='ocrx_word' id='word_1_86' title='bbox 349 2039 536 2121; x_wconf 50' lang='lat' dir='ltr'>,Ceterum</span> <span class='ocrx_word' id='word_1_87' title='bbox 561 2053 696 2122; x_wconf 83' lang='lat' dir='ltr'>utiam</span> <span class='ocrx_word' id='word_1_88' title='bbox 718 2063 943 2147; x_wconf 85' lang='lat' dir='ltr'>praeteream</span> <span class='ocrx_word' id='word_1_89' title='bbox 968 2045 1108 2143; x_wconf 84' lang='lat' dir='ltr'>reliqua</span> <span class='ocrx_word' id='word_1_90' title='bbox 1127 2071 1188 2122; x_wconf 66' lang='lat' dir='ltr'>ca,</span> 
     </span>
     <span class='ocr_line' id='line_1_16' title="bbox 260 2145 1187 2248; baseline 0.009 -28"><span class='ocrx_word' id='word_1_91' title='bbox 260 2173 265 2180; x_wconf 90' lang='lat'>·</span> <span class='ocrx_word' id='word_1_92' title='bbox 307 2154 381 2248; x_wconf 88' lang='lat' dir='ltr'>pita</span> <span class='ocrx_word' id='word_1_93' title='bbox 396 2147 456 2222; x_wconf 89' lang='lat' dir='ltr'>vel</span> <span class='ocrx_word' id='word_1_94' title='bbox 472 2145 713 2226; x_wconf 85' lang='lat' dir='ltr'>accusationis</span> <span class='ocrx_word' id='word_1_95' title='bbox 733 2147 967 2226; x_wconf 86' lang='lat' dir='ltr'>Caecilianae</span> <span class='ocrx_word' id='word_1_96' title='bbox 989 2149 1051 2224; x_wconf 81' lang='lat' dir='ltr'>vel</span> <span class='ocrx_word' id='word_1_97' title='bbox 1074 2148 1187 2228; x_wconf 73' lang='lat' dir='ltr'>Osta-</span> 
     </span>
     <span class='ocr_line' id='line_1_17' title="bbox 307 2246 1285 2348; baseline 0.002 -25"><span class='ocrx_word' id='word_1_98' title='bbox 307 2256 439 2331; x_wconf 79' lang='lat' dir='ltr'>vi&#39;anae</span> <span class='ocrx_word' id='word_1_99' title='bbox 462 2246 704 2348; x_wconf 76' lang='lat' dir='ltr'>desenlloniS,</span> <span class='ocrx_word' id='word_1_100' title='bbox 737 2250 829 2327; x_wconf 91' lang='lat' dir='ltr'>illud</span> <span class='ocrx_word' id='word_1_101' title='bbox 852 2248 1044 2327; x_wconf 89' lang='lat' dir='ltr'>obseruare</span> <span class='ocrx_word' id='word_1_102' title='bbox 1067 2257 1189 2327; x_wconf 89' lang='lat' dir='ltr'>iuuat:</span> <span class='ocrx_word' id='word_1_103' title='bbox 1283 2333 1285 2348; x_wconf 40' lang='grc' dir='ltr'>Ι</span> 
     </span>
     <span class='ocr_line' id='line_1_18' title="bbox 308 2352 1189 2455; baseline 0.002 -27"><span class='ocrx_word' id='word_1_104' title='bbox 308 2378 423 2453; x_wconf 92' lang='lat' dir='ltr'>quum</span> <span class='ocrx_word' id='word_1_105' title='bbox 439 2352 684 2429; x_wconf 85' lang='lat' dir='ltr'>calumniator</span> <span class='ocrx_word' id='word_1_106' title='bbox 701 2353 914 2455; x_wconf 84' lang='lat' dir='ltr'>ingeniosus</span> <span class='ocrx_word' id='word_1_107' title='bbox 940 2371 976 2428; x_wconf 92' lang='lat' dir='ltr'>et</span> <span class='ocrx_word' id='word_1_108' title='bbox 996 2378 1081 2434; x_wconf 85' lang='lat' dir='ltr'>acer</span> <span class='ocrx_word' id='word_1_109' title='bbox 1096 2353 1189 2430; x_wconf 91' lang='lat' dir='ltr'>nihil</span> 
     </span>
     <span class='ocr_line' id='line_1_19' title="bbox 311 2453 1261 2559; baseline 0.006 -29"><span class='ocrx_word' id='word_1_110' title='bbox 311 2482 393 2533; x_wconf 89' lang='lat' dir='ltr'>non</span> <span class='ocrx_word' id='word_1_111' title='bbox 409 2456 470 2531; x_wconf 81' lang='lat' dir='ltr'>vel</span> <span class='ocrx_word' id='word_1_112' title='bbox 486 2453 678 2556; x_wconf 86' lang='lat' dir='ltr'>confingat</span> <span class='ocrx_word' id='word_1_113' title='bbox 698 2458 759 2535; x_wconf 88' lang='lat' dir='ltr'>vel</span> <span class='ocrx_word' id='word_1_114' title='bbox 776 2475 994 2559; x_wconf 85' lang='lat' dir='ltr'>exaggeret,</span> <span class='ocrx_word' id='word_1_115' title='bbox 1021 2474 1057 2539; x_wconf 89' lang='lat' dir='ltr'>et</span> <span class='ocrx_word' id='word_1_116' title='bbox 1075 2464 1188 2535; x_wconf 88' lang='lat' dir='ltr'>maie·</span> <span class='ocrx_word' id='word_1_117' title='bbox 1258 2515 1261 2520; x_wconf 88' lang='grc'><strong>-</strong></span> 
     </span>
     <span class='ocr_line' id='line_1_20' title="bbox 309 2556 1188 2658; baseline 0.003 -24"><span class='ocrx_word' id='word_1_118' title='bbox 309 2558 406 2634; x_wconf 88' lang='lat' dir='ltr'>statis</span> <span class='ocrx_word' id='word_1_119' title='bbox 434 2557 614 2658; x_wconf 89' lang='lat' dir='ltr'>quaedam</span> <span class='ocrx_word' id='word_1_120' title='bbox 640 2556 784 2637; x_wconf 90' lang='lat' dir='ltr'>leuiora</span> <span class='ocrx_word' id='word_1_121' title='bbox 815 2569 968 2637; x_wconf 88' lang='lat' dir='ltr'>crimina</span> <span class='ocrx_word' id='word_1_122' title='bbox 999 2559 1108 2637; x_wconf 86' lang='lat' dir='ltr'>adiun</span> <span class='ocrx_word' id='word_1_123' title='bbox 1137 2576 1188 2638; x_wconf 89' lang='lat' dir='ltr'>at:</span> 
     </span>
     <span class='ocr_line' id='line_1_21' title="bbox 308 2588 1134 2765; baseline 0.001 -29"><span class='ocrx_word' id='word_1_124' title='bbox 308 2659 529 2764; x_wconf 88' lang='lat' dir='ltr'>praeteriisse</span> <span class='ocrx_word' id='word_1_125' title='bbox 549 2669 692 2738; x_wconf 90' lang='lat' dir='ltr'>crimen</span> <span class='ocrx_word' id='word_1_126' title='bbox 712 2661 996 2765; x_wconf 86' lang='lat' dir='ltr'>perduellionis,</span> <span class='ocrx_word' id='word_1_127' title='bbox 1027 2588 1134 2763; x_wconf 74' lang='lat' dir='ltr'>quod</span> 
     </span>
     <span class='ocr_line' id='line_1_22' title="bbox 310 2765 1197 2868; baseline 0.005 -30"><span class='ocrx_word' id='word_1_128' title='bbox 310 2765 380 2845; x_wconf 89' lang='lat' dir='ltr'>alia</span> <span class='ocrx_word' id='word_1_129' title='bbox 395 2767 748 2868; x_wconf 81' lang='lat' dir='ltr'>anteaphieeerant,</span> <span class='ocrx_word' id='word_1_130' title='bbox 775 2783 813 2844; x_wconf 92' lang='lat' dir='ltr'>et</span> <span class='ocrx_word' id='word_1_131' title='bbox 828 2767 872 2844; x_wconf 91' lang='lat' dir='ltr'>ad</span> <span class='ocrx_word' id='word_1_132' title='bbox 885 2792 970 2868; x_wconf 75' lang='lat' dir='ltr'>reos</span> <span class='ocrx_word' id='word_1_133' title='bbox 991 2765 1107 2843; x_wconf 88' lang='lat' dir='ltr'>statim</span> <span class='ocrx_word' id='word_1_134' title='bbox 1119 2791 1197 2867; x_wconf 89' lang='lat' dir='ltr'>op-·</span> 
     </span>
     <span class='ocr_line' id='line_1_23' title="bbox 309 2864 1206 2972; baseline 0 -27"><span class='ocrx_word' id='word_1_135' title='bbox 309 2864 523 2972; x_wconf 88' lang='lat' dir='ltr'>primendos</span> <span class='ocrx_word' id='word_1_136' title='bbox 550 2866 716 2972; x_wconf 88' lang='lat' dir='ltr'>inprimis</span> <span class='ocrx_word' id='word_1_137' title='bbox 747 2869 926 2949; x_wconf 91' lang='lat' dir='ltr'>idoneum</span> <span class='ocrx_word' id='word_1_138' title='bbox 949 2867 1018 2944; x_wconf 85' lang='lat' dir='ltr'>else</span> <span class='ocrx_word' id='word_1_139' title='bbox 1038 2868 1206 2946; x_wconf 55' lang='lat' dir='ltr'>videbat-2</span> 
     </span>
     <span class='ocr_line' id='line_1_24' title="bbox 311 2970 1227 3074; baseline -0.007 -23"><span class='ocrx_word' id='word_1_140' title='bbox 311 2992 381 3054; x_wconf 76' lang='lat' dir='ltr'>tur.</span> <span class='ocrx_word' id='word_1_141' title='bbox 433 2973 498 3048; x_wconf 82' lang='lat' dir='ltr'>An</span> <span class='ocrx_word' id='word_1_142' title='bbox 523 2973 560 3049; x_wconf 93' lang='lat' dir='ltr'>id</span> <span class='ocrx_word' id='word_1_143' title='bbox 588 2970 842 3073; x_wconf 82' lang='lat' dir='ltr'>dissimulauit,</span> <span class='ocrx_word' id='word_1_144' title='bbox 882 2980 965 3074; x_wconf 84' lang='lat' dir='ltr'>quia</span> <span class='ocrx_word' id='word_1_145' title='bbox 994 2998 1043 3047; x_wconf 87' lang='lat' dir='ltr'>ne</span> <span class='ocrx_word' id='word_1_146' title='bbox 1065 2980 1187 3059; x_wconf 82' lang='lat' dir='ltr'>tenuis</span> <span class='ocrx_word' id='word_1_147' title='bbox 1222 3030 1227 3045; x_wconf 89' lang='lat'>.</span> 
     </span>
    </p>
   </div>
   <div class='ocr_carea' id='block_1_5' title="bbox 1153 2678 1318 2739">
    <p class='ocr_par' dir='ltr' id='par_1_6' title="bbox 1153 2678 1318 2739">
     <span class='ocr_line' id='line_1_25' title="bbox 1153 2678 1318 2739; baseline 0 -1"><span class='ocrx_word' id='word_1_148' title='bbox 1153 2678 1318 2739; x_wconf 82' lang='lat' dir='ltr'>et&#39;</span> 
     </span>
    </p>
   </div>
   <div class='ocr_carea' id='block_1_6' title="bbox 311 3074 1372 3178">
    <p class='ocr_par' dir='ltr' id='par_1_7' title="bbox 311 3074 1372 3178">
     <span class='ocr_line' id='line_1_26' title="bbox 311 3074 1372 3178; baseline -0.001 -27"><span class='ocrx_word' id='word_1_149' title='bbox 311 3075 461 3175; x_wconf 88' lang='lat' dir='ltr'>quidem</span> <span class='ocrx_word' id='word_1_150' title='bbox 473 3082 550 3152; x_wconf 91' lang='lat' dir='ltr'>eius</span> <span class='ocrx_word' id='word_1_151' title='bbox 562 3075 648 3158; x_wconf 84' lang='lat' dir='ltr'>esset</span> <span class='ocrx_word' id='word_1_152' title='bbox 657 3074 835 3178; x_wconf 85' lang='lat' dir='ltr'>suspicio?</span> <span class='ocrx_word' id='word_1_153' title='bbox 859 3080 939 3153; x_wconf 87' lang='lat' dir='ltr'>Fuit</span> <span class='ocrx_word' id='word_1_154' title='bbox 953 3086 1188 3178; x_wconf 84' lang='lat' dir='ltr'>certeperpe-</span> <span class='ocrx_word' id='word_1_155' title='bbox 1259 3152 1261 3157; x_wconf 81' lang='grc'>,</span> <span class='ocrx_word' id='word_1_156' title='bbox 1319 3160 1323 3173; x_wconf 51' lang='grc'>,</span> <span class='ocrx_word' id='word_1_157' title='bbox 1366 3082 1372 3141; x_wconf 74' lang='grc' dir='ltr'><strong><em>ἰ</em></strong></span> 
     </span>
    </p>
   </div>
   <div class='ocr_carea' id='block_1_7' title="bbox 292 3177 1301 4084">
    <p class='ocr_par' dir='ltr' id='par_1_8' title="bbox 292 3177 1301 4009">
     <span class='ocr_line' id='line_1_27' title="bbox 310 3177 1190 3303; baseline 0.002 -48"><span class='ocrx_word' id='word_1_158' title='bbox 310 3195 373 3255; x_wconf 88' lang='lat' dir='ltr'>tua</span> <span class='ocrx_word' id='word_1_159' title='bbox 387 3180 479 3254; x_wconf 88' lang='lat' dir='ltr'>haec</span> <span class='ocrx_word' id='word_1_160' title='bbox 493 3185 677 3255; x_wconf 89' lang='lat' dir='ltr'>maiorum</span> <span class='ocrx_word' id='word_1_161' title='bbox 690 3177 901 3256; x_wconf 84' lang='lat' dir='ltr'>nostrorum</span> <span class='ocrx_word' id='word_1_162' title='bbox 925 3181 1062 3303; x_wconf 84' lang='lat' dir='ltr'>gloria,</span> <span class='ocrx_word' id='word_1_163' title='bbox 1088 3178 1190 3281; x_wconf 93' lang='lat' dir='ltr'>quod</span> 
     </span>
     <span class='ocr_line' id='line_1_28' title="bbox 311 3282 1288 3384; baseline 0.004 -28"><span class='ocrx_word' id='word_1_164' title='bbox 311 3282 421 3358; x_wconf 90' lang='lat' dir='ltr'>nullis</span> <span class='ocrx_word' id='word_1_165' title='bbox 443 3288 585 3356; x_wconf 88' lang='lat' dir='ltr'>iniuriis</span> <span class='ocrx_word' id='word_1_166' title='bbox 606 3298 680 3357; x_wconf 91' lang='lat' dir='ltr'>tam</span> <span class='ocrx_word' id='word_1_167' title='bbox 702 3288 834 3357; x_wconf 85' lang='lat' dir='ltr'>irritari</span> <span class='ocrx_word' id='word_1_168' title='bbox 858 3291 1063 3384; x_wconf 89' lang='lat' dir='ltr'>pomerint,</span> <span class='ocrx_word' id='word_1_169' title='bbox 1088 3302 1129 3360; x_wconf 87' lang='lat' dir='ltr'>vt</span> <span class='ocrx_word' id='word_1_170' title='bbox 1148 3291 1189 3359; x_wconf 91' lang='lat' dir='ltr'>in</span> <span class='ocrx_word' id='word_1_171' title='bbox 1281 3295 1288 3309; x_wconf 55' lang='lat'>⁸</span> 
     </span>
     <span class='ocr_line' id='line_1_29' title="bbox 310 3383 1301 3489; baseline 0.002 -29"><span class='ocrx_word' id='word_1_172' title='bbox 310 3392 495 3486; x_wconf 88' lang='lat' dir='ltr'>principes</span> <span class='ocrx_word' id='word_1_173' title='bbox 513 3401 575 3460; x_wconf 87' lang='lat' dir='ltr'>aut</span> <span class='ocrx_word' id='word_1_174' title='bbox 589 3401 792 3486; x_wconf 88' lang='lat' dir='ltr'>tyrannos,</span> <span class='ocrx_word' id='word_1_175' title='bbox 819 3383 881 3460; x_wconf 84' lang='lat' dir='ltr'>etti</span> <span class='ocrx_word' id='word_1_176' title='bbox 898 3387 942 3461; x_wconf 92' lang='lat' dir='ltr'>ab</span> <span class='ocrx_word' id='word_1_177' title='bbox 958 3394 1001 3463; x_wconf 87' lang='lat' dir='ltr'>iis</span> <span class='ocrx_word' id='word_1_178' title='bbox 1016 3385 1190 3489; x_wconf 88' lang='lat' dir='ltr'>indignis-</span> <span class='ocrx_word' id='word_1_179' title='bbox 1299 3451 1301 3455; x_wconf 92' lang='lat'><em>.</em></span> 
     </span>
     <span class='ocr_line' id='line_1_30' title="bbox 311 3485 1191 3591; baseline 0.006 -28"><span class='ocrx_word' id='word_1_180' title='bbox 311 3485 400 3564; x_wconf 81' lang='lat' dir='ltr'>lime</span> <span class='ocrx_word' id='word_1_181' title='bbox 417 3505 658 3589; x_wconf 84' lang='lat' dir='ltr'>vexarentur,</span> <span class='ocrx_word' id='word_1_182' title='bbox 682 3486 805 3568; x_wconf 83' lang='lat' dir='ltr'>hollili</span> <span class='ocrx_word' id='word_1_183' title='bbox 825 3496 951 3565; x_wconf 89' lang='lat' dir='ltr'>animo</span> <span class='ocrx_word' id='word_1_184' title='bbox 969 3489 1103 3591; x_wconf 86' lang='lat' dir='ltr'>essent,</span> <span class='ocrx_word' id='word_1_185' title='bbox 1130 3507 1191 3568; x_wconf 87' lang='lat' dir='ltr'>aut</span> 
     </span>
     <span class='ocr_line' id='line_1_31' title="bbox 312 3589 1192 3694; baseline 0 -26"><span class='ocrx_word' id='word_1_186' title='bbox 312 3592 396 3668; x_wconf 87' lang='lat' dir='ltr'>vllis</span> <span class='ocrx_word' id='word_1_187' title='bbox 413 3589 582 3671; x_wconf 84' lang='lat' dir='ltr'>aduersus</span> <span class='ocrx_word' id='word_1_188' title='bbox 600 3617 666 3668; x_wconf 89' lang='lat' dir='ltr'>eos</span> <span class='ocrx_word' id='word_1_189' title='bbox 696 3598 896 3675; x_wconf 88' lang='lat' dir='ltr'>coniuratis</span> <span class='ocrx_word' id='word_1_190' title='bbox 913 3592 1192 3694; x_wconf 84' lang='lat' dir='ltr'>conspirationi-</span> 
     </span>
     <span class='ocr_line' id='line_1_32' title="bbox 311 3693 1192 3797; baseline 0.002 -27"><span class='ocrx_word' id='word_1_191' title='bbox 311 3695 383 3771; x_wconf 91' lang='lat' dir='ltr'>bus</span> <span class='ocrx_word' id='word_1_192' title='bbox 415 3693 534 3795; x_wconf 88' lang='lat' dir='ltr'>(quae</span> <span class='ocrx_word' id='word_1_193' title='bbox 562 3711 685 3771; x_wconf 89' lang='lat' dir='ltr'>tamen</span> <span class='ocrx_word' id='word_1_194' title='bbox 715 3696 853 3795; x_wconf 89' lang='lat' dir='ltr'>alioqui</span> <span class='ocrx_word' id='word_1_195' title='bbox 883 3713 920 3774; x_wconf 88' lang='lat' dir='ltr'>et</span> <span class='ocrx_word' id='word_1_196' title='bbox 947 3694 1131 3797; x_wconf 82' lang='lat' dir='ltr'>speciosae</span> <span class='ocrx_word' id='word_1_197' title='bbox 1153 3714 1192 3772; x_wconf 86' lang='lat' dir='ltr'>¹et</span> 
     </span>
     <span class='ocr_line' id='line_1_33' title="bbox 311 3795 1192 3901; baseline 0.002 -29"><span class='ocrx_word' id='word_1_198' title='bbox 311 3795 523 3897; x_wconf 83' lang='lat' dir='ltr'>frequentes</span> <span class='ocrx_word' id='word_1_199' title='bbox 543 3815 633 3875; x_wconf 92' lang='lat' dir='ltr'>tunc</span> <span class='ocrx_word' id='word_1_200' title='bbox 651 3800 780 3900; x_wconf 85' lang='lat' dir='ltr'>erant)</span> <span class='ocrx_word' id='word_1_201' title='bbox 801 3797 1085 3901; x_wconf 86' lang='lat' dir='ltr'>adsentirentur:</span> <span class='ocrx_word' id='word_1_202' title='bbox 1118 3818 1192 3895; x_wconf 88' lang='lat' dir='ltr'>aut,</span> 
     </span>
     <span class='ocr_line' id='line_1_34' title="bbox 292 3898 1190 4009; baseline -0.002 -30"><span class='ocrx_word' id='word_1_203' title='bbox 292 3898 401 4009; x_wconf 85' lang='lat' dir='ltr'>·quitl</span> <span class='ocrx_word' id='word_1_204' title='bbox 430 3899 494 3979; x_wconf 85' lang='lat' dir='ltr'>sua</span> <span class='ocrx_word' id='word_1_205' title='bbox 518 3906 713 4005; x_wconf 87' lang='lat' dir='ltr'>patientia,</span> <span class='ocrx_word' id='word_1_206' title='bbox 754 3902 968 4004; x_wconf 79' lang='lat' dir='ltr'>tolerantia-3</span> <span class='ocrx_word' id='word_1_207' title='bbox 1001 3900 1190 4000; x_wconf 81' lang='lat' dir='ltr'>modest-ia,</span> 
     </span>
    </p>

    <p class='ocr_par' dir='ltr' id='par_1_9' title="bbox 921 4025 1196 4084">
     <span class='ocr_line' id='line_1_35' title="bbox 921 4025 1196 4084; baseline -0.015 -1"><span class='ocrx_word' id='word_1_208' title='bbox 921 4041 924 4048; x_wconf 90' lang='grc'><strong>’</strong></span> <span class='ocrx_word' id='word_1_209' title='bbox 1076 4025 1196 4084; x_wconf 75' lang='lat' dir='ltr'>Conti-</span> 
     </span>
    </p>
   </div>
   <div class='ocr_carea' id='block_1_8' title="bbox 0 0 1577 4825">
    <p class='ocr_par' dir='ltr' id='par_1_10' title="bbox 0 0 1577 4825">
     <span class='ocr_line' id='line_1_36' title="bbox 0 0 1577 4825; baseline 0 0"><span class='ocrx_word' id='word_1_210' title='bbox 0 0 1577 4825; x_wconf 95' lang='lat' dir='ltr'> </span> 
     </span>
    </p>
   </div>
  </div>
 </body>
</html>
