3109 4825
283 547 286 562 .
415 483 421 499 “
513 455 976 628 'urssrrtrnrro
1111 477 1255 605 469,
1316 535 1318 541 ·
1387 479 1392 510 ¹

333 715 421 766 cum
462 686 672 766 aduersariis
708 705 770 766 aut
811 663 1042 770 contendunt
1067 708 1143 786 *aut
1172 694 1245 800 li·¹
1357 793 1359 798 Ι

331 800 460 894 ligant.
1030 803 1035 810 “

329 1022 573 1098 praemonere
590 996 705 1074 visum
720 997 811 1097 fuit,
840 1016 882 1076 vt
899 996 943 1076 ad
966 998 1115 1099 Oilauii
1138 1002 1221 1074 Mi:
1254 1051 1258 1058 -

331 1106 483 1176 nuciam
510 1100 708 1176 leelionem
735 1108 834 1176 viam
867 1102 983 1178 veluti
1005 1108 1212 1202 praemuni·
1273 1173 1275 1178 .

332 1227 433 1300 rem,
462 1228 554 1301 quae
575 1220 611 1277 et
639 1200 929 1280 Christianarum
955 1210 1212 1303 antiquitatum

331 1312 551 1381 memoriam
568 1306 689 1412 ¹nobis
712 1304 970 1406 commendet,
1001 1325 1038 1382 et
1060 1304 1105 1382 ad
1126 1331 1209 1388 eam

331 1406 589 1484 renouandam
618 1434 692 1484 nos
723 1417 884 1507 excitet,
922 1415 985 1509 qui
1012 1426 1048 1484 et
1075 1409 1212 1506 alioqui
1323 1432 1327 1442 ’

382 894 507 993 Atque
536 895 629 970 haec
658 893 812 995 'quidem
846 881 1035 971 hailenus'
1049 894 1212 973 breuiter
1326 895 1338 904 ’

292 1517 297 1528 “
331 1511 518 1598 Romanas
548 1529 652 1587 tanto
682 1508 799 1605 studio
831 1511 1090 1612 persequimur.
1142 1511 1212 1588 At·
1265 1515 1267 1518 ’
1322 1607 1324 1612 Ι
1375 1593 1377 1600 ,

331 1638 405 1713 que
419 1621 560 1689 vtinam
577 1620 640 1713 qui
655 1616 796 1691 Romae
813 1613 894 1689 sunt
910 1613 1008 1691 dour
1023 1616 1209 1713 homines,

334 1733 371 1790 et
399 1717 544 1792 nullum
572 1743 653 1793 non
676 1722 785 1798 etiam
812 1715 969 1817 lapidem
996 1721 1209 1816 reuoluunq
1238 1754 1240 1758 ·

289 1837 292 1842 ’
331 1818 544 1918 nullamque
564 1846 643 1897 non
673 1826 712 1893 in
741 1816 825 1920 ipfis
847 1819 1024 1921 lapidibus
1052 1819 1211 1902 litteram

333 1919 548 2019 obstruant,
573 1939 614 1999 vt
638 1927 809 2021 antiquae
831 1924 1056 2024 reipublicae
1074 1919 1211 2021 aliquid
1315 1934 1324 1946 '

325 2041 478 2120 eruant:
500 2022 1213 2123 veterisquoqueeccleliaemonimenta

334 2123 492 2224 (quibus
511 2124 640 2199 eadem
656 2127 743 2202 vrbs
768 2126 954 2227 abundat)
979 2128 1211 2227 colligerent,
1329 2177 1331 2182 .

360 2227 548 2324 lutusque,
570 2232 684 2324 quiin
704 2252 747 2303 ea
764 2246 801 2301 et
814 2235 1006 2326 vixerunt,
1030 2248 1067 2303 et
1082 2229 1212 2328 l'epulti
1266 2291 1269 2298 .

298 2349 299 2354 ’
333 2251 435 2424 funt,
451 2332 641 2402 Minucios
657 2334 868 2403 excitarent.
920 2332 1010 2405 Satis
1024 2337 1111 2430 iam,
1128 2328 1212 2406 satis

335 2427 386 2524 est
400 2453 588 2505 nouorum
603 2427 648 2506 de
668 2430 850 2528 religione
868 2429 1088 2506 libellorum.
1142 2434 1213 2504 Ve-
1276 2436 1282 2451 '

291 2554 297 2577 ²
335 2531 474 2609 teribus
497 2537 621 2632 potius
641 2538 681 2604 in
705 2532 830 2606 lucem
856 2528 1077 2607 reuocandis
1100 2530 1213 2605 huius
1323 2600 1331 2623 ,

292 2636 302 2657 “
336 2640 483 2735 generis
496 2634 659 2733 reliquiis
680 2635 833 2735 operam
858 2632 1003 2708 demus:
1043 2648 1080 2706 et
1101 2627 1213 2707 simus

336 2734 536 2836 aliquando
552 2734 680 2814 (iollae
696 2742 916 2834 antiquitatis
933 2739 1076 2835 potius,
1099 2757 1212 2833 quam
1329 2758 1332 2763 ·

335 2846 455 2916 inanis
476 2845 649 2916 nouitatis
674 2834 833 2917 studiosi:
870 2844 1123 2936 maiorumque
1144 2860 1215 2912 no·
1281 2834 1285 2843 ’

337 2942 496 3027 strorum
511 2949 690 3044 imagines
705 2961 740 3017 et
751 2948 980 3040 intueamur,
1005 2958 1042 3015 et
1055 2941 1147 3038 aliis,
1164 2962 1214 3033 ne

301 3042 306 3051 ’
337 3053 431 3122 noui
444 3047 615 3123 homines
631 3042 701 3120 elle
716 3043 812 3120 forte
826 3042 1035 3141 uideamur,
1059 3026 1215 3118 ostenti-
1250 3106 1252 3119 .
1321 3076 1327 3093 ·

339 3174 433 3224 mus,
488 3151 619 3247 Neque
634 3166 772 3245 tamen,
796 3141 859 3221 etsl
873 3146 1000 3223 eadem
1014 3168 1214 3223 eorumre·
1302 3182 1332 3223 ·.

338 3252 430 3351 ligio
454 3257 671 3350 animusque
691 3248 789 3324 idem
808 3246 935 3348 fiterit,
965 3247 1093 3325 eadem
1120 3273 1215 3348 quo·
1295 3264 1297 3271 ’

330 3378 413 3454 que
428 3351 568 3454 semper
580 3350 691 3429 facies
705 3351 790 3451 fuit,
807 3350 954 3429 idemue
968 3350 1088 3428 status.
1123 3353 1216 3461 Non
1372 3426 1383 3436 ,

340 3462 440 3533 enim
464 3454 605 3556 semper
626 3461 748 3532 vexati
780 3453 983 3553 abiellique
1006 3463 1214 3552 iacuerunt,
1264 3497 1269 3509 ,
1320 3534 1322 3537 ,

340 3584 460 3660 neque
475 3570 549 3635 tam
564 3575 626 3635 aut
638 3563 773 3659 ingrati
788 3567 851 3634 aut
863 3564 978 3658 inepti
991 3556 1160 3655 fuerunt,
1175 3571 1216 3632 vt

342 3670 486 3764 optimo
500 3669 581 3758 iure
596 3668 809 3762 optimaque
831 3660 1047 3739 conditione
1068 3657 1139 3736 elle
1161 3682 1218 3733 re-

288 3766 292 3775 ’
315 3788 317 3793 ’
343 3764 522 3865 cusarint‚
549 3790 662 3866 quum
676 3763 752 3839 hoc
767 3764 932 3841 iis'lieuit
944 3786 1009 3865 per
1031 3766 1218 3864 principes

344 3865 592 3949 Christianos:
615 3891 737 3970 neque
753 3883 827 4049 tapp
842 3865 945 3967 latui,
961 3882 1003 3945 vt
1015 3866 1091 3943 hoc
1107 3864 1220 4045 bpine-
1250 3942 1252 3947 ,

846 3986 878 4068 3'
979 4050 983 4054 ,
1160 3972 1221 4044 cio
