3109 4825
338 455 344 472 ⁹
466 523 539 666 ³3⁰
588 489 1229 598 sanucis'crsmnvmr
1297 471 1300 478 ’

465 708 554 788 licio
568 717 648 785 nori
667 722 873 786 uterentur:
904 731 1026 805 neque
1041 721 1116 780 tam
1134 707 1271 803 iniqui,
1294 705 1354 803 ut,

467 811 495 890 fi
516 811 603 912 quid
625 819 665 885 in
689 810 760 885 suis
783 805 1064 909 imperatoribus
1091 804 1354 907 desiderarent,

360 951 362 958 v
433 963 435 970 ·
465 937 697 1016 paganorum
714 912 781 1012 (vt
795 913 1008 1013 loquimur)
1031 928 1279 1011 tyrannorum
1295 910 1356 986 lo-

365 1083 369 1094 .
469 1044 516 1093 co
541 1043 606 1093 eos
629 1017 826 1091 haberent:
876 1039 998 1113 neque
1022 1031 1096 1089 tam
1125 1006 1283 1112 morosi,
1311 1029 1357 1089 vt

467 1120 637 1221 publicae
656 1118 905 1216 tranquillitati
919 1117 1010 1190 nihil
1032 1114 1232 1215 quidquam
1259 1116 1355 1190 con-

279 1225 283 1236 '
402 1305 406 1310 ,
470 1222 662 1300 donarent.
716 1224 871 1318 Loquor
886 1218 931 1294 de
947 1226 1013 1316 iis,
1033 1226 1095 1317 qui
1109 1244 1188 1294 non
1202 1216 1353 1293 suerunt

469 1319 680 1425 degeneres,
733 1323 803 1398 Sed
828 1323 961 1398 liberae
982 1316 1156 1396 ecclesiae
1180 1316 1353 1420 splendo-

469 1454 550 1504 rem
566 1454 645 1503 non
658 1424 749 1501 vidit
773 1429 983 1506 Mirurcius:
1020 1422 1210 1499 seruientis
1232 1420 1353 1500 modo

440 1623 442 1632 Ι
468 1529 676 1629 squalorem
690 1528 792 1604 vidit.
830 1526 1004 1602 Nostrum
1023 1552 1116 1602 vero
1133 1525 1194 1624 ell,
1210 1543 1355 1614 utrum2

469 1659 540 1732 que
564 1630 714 1727 statum,
749 1649 786 1704 et
808 1636 998 1728 utriusque
1024 1635 1199 1728 temporis
1221 1627 1355 1706 condi-

341 1801 350 1824 ,
469 1742 612 1811 tionem
632 1733 728 1808 redte
745 1728 974 1807 considerare
999 1748 1106 1830 atque
1130 1729 1352 1807 discernere:

392 1893 395 1898 -
471 1853 508 1914 et
524 1837 599 1912 hoc
616 1853 806 1933 externae,
823 1850 865 1909 ut
879 1842 927 1909 ita
939 1835 1087 1933 loquar,
1104 1832 1247 1910 formae
1260 1852 1349 1910 tem-

469 1964 678 2039 porumque
704 1935 898 2011 discrimen
922 1935 1120 2037 prudenter
1144 1935 1351 2035 obseruare,

471 2059 514 2118 vt
529 2059 566 2115 et
581 2046 801 2138 antiquitatis
816 2046 1015 2137 memoria,
1032 2055 1069 2113 et
1085 2046 1269 2115 maiorum
1284 2064 1355 2115 no-

470 2141 629 2219 strorum
648 2142 823 2242 exernplis
841 2141 936 2217 rede
953 2159 1109 2219 utamur.
1160 2145 1235 2218 Hic
1255 2149 1356 2218 enim

466 2262 512 2341 ‚et
538 2244 729 2346 prudentia
760 2271 893 2344 magna
920 2260 957 2320 et
989 2251 1162 2326 cautione
1195 2251 1357 2320 maxima

353 2416 356 2421 .
472 2374 567 2449 opius
585 2346 654 2423 effe
671 2346 805 2424 fateor:
832 2364 867 2420 et
877 2372 990 2444 quum
1005 2347 1063 2422 lex
1076 2361 1353 2446 nouarogatur,

416 2482 420 2493 ·
470 2448 587 2523 fertur
620 2449 724 2545 saepe
763 2447 853 2520 illud
882 2450 984 2523 VTI
1017 2445 1239 2547 ROGAS,
1280 2445 1356 2523 sae-

470 2556 552 2650 pius
568 2546 658 2623 illud
675 2547 975 2649 ANTIQVO,
1001 2549 1109 2626 nobis
1123 2566 1371 2646 vtoccurrat

471 2668 582 2748 atque
600 2651 760 2750 placeat,
783 2649 925 2727 neeelie
942 2651 1011 2751 est,
1037 2677 1169 2751 resque
1185 2651 1354 2753 postulat.
1388 2646 1392 2661 '

470 2751 695 2852 Insculptum
711 2756 851 2829 Romae
875 2761 915 2826 in
937 2761 1052 2828 veteri
1072 2779 1258 2831 marmore
1284 2753 1355 2831 esse

471 2853 626 2955 dicitur,
665 2853 946 2932 CANDIDA
977 2857 1165 2934 FVLVO
1195 2858 1356 2936 Noui..

470 2957 612 3055 LlOR
650 2955 806 3034 AVRO
862 2959 1026 3032 FELIX
1074 2958 1356 3060 ANTIQVL

473 3038 551 3133 ἹἊ
559 3062 593 3139 S.
647 3057 717 3134 Sed
735 3065 812 3133 eius
830 3059 1058 3160 praeiudiciis
1079 3061 1276 3139 infeliciter
1295 3064 1357 3139 ab

209 3152 214 3162 ’
341 3178 344 3185 ’
470 3179 679 3259 uteremur,
705 3156 771 3235 nili
787 3162 943 3239 liberum
956 3171 1213 3265 integrumque
1224 3166 1357 3243 iudici-¹

471 3288 537 3336 um
554 3270 653 3338 iniis
671 3261 917 3342 discernendis
931 3284 1039 3366 atque
1050 3266 1244 3369 diligendis
1255 3269 1357 3345 adhit

469 3364 640 3441 beamus:
666 3392 713 3441 ne
731 3370 791 3445 vel
808 3368 960 3445 confuse
975 3378 1101 3447 omnia
1122 3370 1357 3473 misceamus,

472 3468 532 3550 vel
542 3468 719 3545 malitiose
733 3489 1016 3572 praetereamus
1037 3481 1275 3573 quaeimitari
1284 3500 1359 3554 nos
1376 3480 1381 3495 ’

470 3588 631 3670 oportet,
648 3573 708 3649 vel
724 3582 845 3674 etiam,
857 3601 950 3674 quae
961 3579 1049 3652 huic
1059 3584 1359 3657 aetatinonconq

469 3680 947 3779 veniunt,intemperanter
963 3705 1169 3780 urgeamus.
1224 3683 1359 3781 Qrum

471 3777 562 3852 olim
579 3775 623 3852 de
641 3777 860 3855 testamentis
877 3802 1066 3882 ageretur,
1091 3784 1150 3859 lex
1174 3784 1360 3882 quaedam

463 3882 590 3970 'ciuilis
606 3877 813 3985 respondit,
837 3884 1038 3970 retinendum
1064 3885 1117 3990 effi
1139 3889 1361 4099 mmmfffids·

1226 3988 1251 4075 li
1276 4018 1361 4075 amat
