3109 4825
308 621 314 634 ,
382 521 1150 654 ¹,2136:r-nmrfcrscriminium

378 715 487 794 :cilio
503 734 541 792 et
551 712 640 790 fastu
656 729 693 788 et
706 728 921 812 contemptu
937 715 1055 789 ineos
1068 709 1218 812 despuit,
1240 732 1283 791 et

398 837 571 919 tanquam
586 812 803 910 taddeum
826 812 885 888 aad
902 804 1141 906 περιψήματα
1163 814 1280 914 (vtor

400 919 573 1022 Apostoli
593 914 740 1014 verbis)
764 916 964 1015 proculcat.
1018 915 1087 991 Sed
1110 916 1278 994 Thraso-

377 1031 508 1102 .nicos
537 1025 614 1094 eius
639 1015 780 1118 spiritus
813 1018 933 1096 altiori
962 1024 1086 1096 animo
1125 1017 1281 1121 despicit

377 1125 598 1219 'Odauius‚
629 1125 748 1219 iisque
769 1118 927 1196 santiam
950 1120 1132 1219 quandam
1155 1119 1281 1224 super-

397 1226 495 1302 biam
511 1228 686 1323 opponit,
712 1249 785 1322 qua
799 1243 835 1300 et
846 1230 886 1298 in
904 1241 1115 1328 paupertate
1130 1224 1276 1328 diuites,

345 1331 348 1340 “
378 1335 488 1405 etin
508 1324 680 1400 seruitute
703 1326 830 1426 liberi,
857 1345 891 1403 et
913 1334 954 1401 in
976 1327 1095 1403 media
1115 1326 1279 1429 denique

380 1447 522 1510 morte
543 1427 701 1506 vidores
723 1427 836 1505 essent
862 1428 986 1506 nostri.
1038 1432 1128 1506 Vtut
1154 1451 1278 1510 autem

355 1549 360 1556 '
398 1531 581 1614 Caecilius
595 1538 703 1608 initio
718 1530 954 1633 despumans,
978 1549 1015 1608 tt
1028 1541 1279 1635 intemperan-

376 1643 380 1648 “
398 1654 455 1718 ter
471 1641 643 1712 conuicia
657 1633 915 1735 profunderet,
939 1651 975 1710 et
989 1643 1108 1713 minas
1122 1637 1290 1741 efflareg‘

398 1758 437 1816 et
457 1740 632 1840 ampullas
659 1738 855 1814 horribiles
876 1745 1099 1839 proiiceret,'
1116 1739 1278 1843 denique

380 1840 547 1922 .Christo
560 1838 763 1917 insultaret:
787 1858 911 1916 tamen
920 1848 1017 1917 veris
1025 1841 1276 1944 vissuspaullo

284 1991 289 2004 ι
387 1942 478 2048 ,post
495 1941 607 2019 cedit:
633 1969 754 2042 neque
777 1944 902 2019 arbitri
922 1942 1127 2045 iudicisque
1148 1950 1276 2024 Minu-

339 2035 343 2054 ’
396 2054 447 2124 cii
464 2045 681 2124 sententiam
704 2044 905 2147 exspeslat‚
930 2043 990 2121 sed
1013 2049 1112 2125 vltro
1135 2050 1189 2142 illi
1210 2077 1276 2127 oc·

396 2158 521 2240 currit.
597 2146 834 2225 Admirabilis
867 2148 1035 2250 proleclo
1065 2147 1274 2256 conuerfi0‚

353 2299 356 2306 .
381 2252 605 2356 praesertim
627 2251 705 2328 'tam
730 2259 933 2353 repentina.
985 2251 1056 2328 Sed
1088 2282 1131 2330 ea
1156 2254 1277 2332 osten-¹

242 2357 253 2386 ²
379 2355 469 2456 dit,
510 2353 684 2433 sanabiles
715 2357 855 2434 multos
887 2358 1028 2433 Romae
1056 2355 1180 2458 fuisse,
1212 2366 1276 2461 qui

290 2480 294 2491 “
386 2459 758 2559 ‚videbanturalioqui
770 2457 922 2561 depositi
937 2477 974 2535 et
987 2459 1183 2561 deplorati:
1210 2489 1276 2539 ve-

380 2571 494 2659 ¹ritati
515 2588 609 2641 vero
630 2574 795 2640 errorem
821 2562 929 2639 facile
957 2562 1097 2640 cedere.
1173 2568 1274 2667 Ergo

383 2666 583 2755 ¹Caecilius
614 2664 772 2765 quadam
801 2668 916 2744 veluti
942 2672 981 2741 in
1003 2674 1083 2743 iure
1104 2665 1275 2759 ‘ceffione

395 2769 557 2848 Odauio
581 2767 786 2846 vindicanti
807 2767 926 2843 addici
954 2768 1107 2870 poterat.
1150 2770 1275 2849 Certe

395 2870 678 2970 vinci'dedique
696 2895 776 2945 non
796 2868 958 2969 recusat,
984 2891 1021 2948 et
1046 2874 1274 2952 Oilauianae

396 2981 575 3052 orationis
596 2970 757 3072 quodam
777 2968 875 3070 quali
895 2972 1050 3051 fulmine
1072 2975 1273 3077 perculsus

393 3094 580 3177 tamquam
597 3075 686 3150 alter
710 3074 858 3174 quidam
882 3077 1049 3178 Paullus,
1075 3078 1195 3156 subito
1216 3105 1281 3155 re-·

249 3198 252 3205 ·
314 3246 317 3251 .
382 3181 591 3280 ligionem,
625 3203 735 3276 quam
762 3185 940 3280 ignorans
979 3199 1289 3284 oppugnauerat,-

391 3283 602 3359 admonitus
618 3282 887 3383 compledlitur.

387 3412 390 3419 ¹
422 3429 425 3433 ,
445 3385 586 3459 Vellem
607 3402 747 3484 autem,
780 3390 969 3462 Minucius
990 3389 1099 3464 nobis
1121 3413 1271 3486 quooue

394 3483 611 3587 exposuisset
632 3504 750 3565 totam
780 3490 937 3565 huiusce
964 3490 1137 3584 μετανοίας
1160 3490 1272 3567 histo·

390 3596 499 3667 riam:
525 3605 566 3665 vt
580 3608 636 3689 et,
651 3617 722 3690 qua
734 3593 835 3692 lege,
853 3619 925 3691 qua
940 3592 1175 3692 conditione,
1193 3600 1273 3693 qui-

277 3784 281 3799 Ι
391 3691 461 3770 bus
486 3689 742 3794 sponsoribuS,
776 3721 852 3794 quo
876 3703 969 3795 ritu,
993 3723 1063 3795 qua
1090 3704 1271 3779 caerimo-

389 3803 473 3895 nia,
500 3794 683 3873 Caecilius
698 3799 854 3874 Romam
877 3797 1062 3899 reuersus,
1086 3806 1126 3874 in
1152 3801 1271 3876 eccle-

389 3896 461 3981 siae
473 3899 677 4004 collegium
695 3917 732 3981 et
751 3908 1058 3988 communionem
1073 3906 1272 4084 coofptatus'

1157 4012 1265 4108 uerit,
