3109 4825
559 521 980 604 nrssnarnrro.
1144 500 1217 626 ῆς
1257 589 1261 596 ,

331 697 465 817 pietate
482 706 602 788 multo
622 703 860 812 superiorem.
912 711 992 787 Fuit
1012 718 1111 788 enini
1132 737 1215 796 non

312 817 450 895 'modo
472 812 754 891 iurisconsultus
774 839 951 914 magnus,
976 833 1013 890 et
1028 819 1215 896 excellens

331 918 399 996 suo
429 939 597 1018 tempore
622 937 763 993 orator:
797 916 858 991 led
881 915 1067 1017 et,·‘'quod
1096 929 1214 997 maius
1288 965 1291 978 ·

332 1022 402 1120 est,
431 1020 501 1096 fuit
528 1019 623 1096 serio
654 1018 893 1096 Christianus.
946 1017 1082 1097 Afrum
1113 1019 1217 1100 fuiffe

332 1122 520 1225 luspieor,
571 1121 658 1198 licet
688 1121 727 1196 id
763 1120 955 1198 adfirmare
987 1148 1067 1198 non
1095 1122 1216 1200 aulinn

333 1227 446 1306 Certe
481 1229 678 1302 Frontonis
721 1221 895 1302 Cirtenlis
932 1223 1064 1324 (Cirta
1092 1247 1216 1307 autem
1345 1247 1348 1256 '

332 1330 402 1405 fuit
418 1326 638 1405 nobilissima
652 1327 849 1403 Numidiae
870 1333 1018 1426 ciuitas,
1046 1337 1150 1406 cuius
1178 1346 1216 1408 et

332 1440 373 1508 in
389 1429 576 1508 Pandeelis
591 1435 731 1507 mentio
746 1423 813 1608 fip)
827 1438 877 1508 ita
893 1438 1088 1532 meminit,
1111 1451 1153 1509 vt
1174 1435 1216 1510 in

332 1528 462 1612 Africa
480 1532 663 1611 versatum
684 1532 719 1610 se
751 1549 822 1610 ete
843 1528 1032 1635 significet.
1084 1534 1217 1636 Estque

332 1663 451 1738 genus
472 1635 619 1722 dicendi
633 1634 888 1737 scribendique
904 1635 1090 1739 sequutus,
1106 1640 1213 1739 quale

330 1741 415 1818 Afri
427 1740 499 1840 illi,
526 1741 803 1839 Tertullianus,
828 1739 1060 1841 Cyprianus,
1086 1739 1215 1821 Arno·

330 1846 430 1921 bins:
459 1862 502 1926 vt
519 1845 594 1920 iam
618 1841 663 1920 de
688 1842 950 1945 posterioribus
968 1868 1049 1921 non
1067 1841 1212 1946 loquar,¹
1245 1865 1248 1880 ·

329 1973 423 2046 quos
439 1941 567 2022 eadem
583 1947 673 2023 olim
685 1948 774 2023 aluit
787 1942 929 2046 Africa,
953 1949 1028 2048 illa,
1045 1955 1213 2055 inquam,

329 2049 417 2126 felix
440 2048 672 2147 fecundaque
696 2045 848 2147 Africa,
887 2076 979 2148 quae
1001 2071 1043 2129 vt
1072 2049 1214 2153 semper
1261 2057 1266 2066 ’
1299 2147 1301 2152 Ι

328 2149 464 2251 aliquid
492 2158 584 2227 noui
594 2149 770 2326 1proferre
793 2150 1001 2250 dicebatur,
1029 2150 1077 2229 lic
1103 2161 1212 2231 etiam

330 2254 521 2349 religionis
540 2277 592 2332 no

623 2274 684 2327 rae
699 2246 866 2329 vindices
897 2270 932 2327 et
951 2273 1130 2354 patronos
1146 2255 1223 2333 ἀοι.

297 2418 301 2423 .
330 2337 503 2436 attatinos
519 2360 792 2456 acerrimusque
804 2357 973 2456 protulit,
988 2372 1024 2434 et
1038 2356 1082 2433 ad
1104 2355 1214 2460 ipsius
1287 2444 1292 2456 ,
1376 2321 1380 2328 .

330 2485 480 2562 quoque
510 2458 698 2536 Romanae
720 2454 893 2536 ecelesiae
917 2457 1133 2559 praesidium
1161 2478 1214 2539 at-

330 2588 403 2744 ppe
419 2558 673 2639 defenlionem
688 2557 813 2638 emisit.
864 2583 952 2636 nam
967 2581 1004 2640 et
1018 2588 1064 2638 ex
1080 2562 1210 2640 eadem
1257 2660 1259 2665 Ι

371 2665 461 2763 frica
495 2662 693 2767 prodibant
723 2661 847 2741 hostes
884 2670 1035 2741 minime
1069 2667 1210 2767 ignaui,

330 2791 453 2870 neque
481 2766 644 2870 improbi
666 2770 809 2871 minus,
841 2789 951 2868 quam
964 2764 1216 2848 ¹vehementes

329 2874 637 2973 calumniatores,
666 2871 803 2974 qualis,
831 2894 879 2948 ne
897 2868 1045 2972 longius
1070 2872 1212 2974 abeam,

329 2974 493 3076 fititille,
519 2979 709 3053 cuiusiam
723 2981 899 3074 memini,
920 2977 1076 3067 Fronto:
1100 2999 1214 3076 quem
1315 3013 1321 3031 ι
1368 2950 1373 2957 ’

330 3075 481 3178 quidem
499 3096 574 3155 tam
596 3070 848 3180 impudentem
867 3076 1074 3181 rhetorem,
1092 3102 1213 3183 quam
1294 3080 1298 3089 “

330 3184 485 3284 impium
510 3180 804 3261 Christianorum
826 3174 1072 3259 aduersarium
1092 3180 1209 3286 fuisse,

331 3308 381 3363 ex
403 3289 576 3363 Minucio
597 3286 856 3387 intelligemus.
918 3284 1067 3365 Nollem
1106 3283 1211 3366 hunc
1273 3358 1275 3362 .

330 3384 433 3465 soille
463 3391 647 3490 Papirium
676 3388 939 3488 Frontonem,
979 3389 1215 3469 iurisconsul-

330 3508 428 3592 tom,
478 3495 516 3568 ui
539 3494 579 3569 in
599 3485 786 3568 Pandeeiis
814 3489 990 3570 laudatur.
1042 3493 1215 3596 Suspicor

329 3602 455 3699 potius
508 3592 570 3671 iiie
593 3591 813 3674 Cornelium
839 3599 1067 3674 Frontonem
1088 3598 1216 3673 rheto-

329 3723 431 3799 rem,
455 3720 568 3799 quem
585 3696 818 3799 Capitolinus
839 3716 964 3777 narrat
984 3696 1088 3776 fuiiie
1112 3721 1216 3801 prae-

325 3819 524 3904 ceptorem
543 3802 600 3881 M.
620 3800 809 3895 Antonini
828 3799 1061 3906 philosophi,
1099 3810 1216 3899 impe-

328 3908 485 4008 tatoris,
511 3921 549 3987 et
573 3930 621 3987 ex
642 3912 748 3989 cuius
773 3913 885 4088 etisam
905 3904 1035 3987 schola
1054 3906 1218 3984 oratoria
1305 3932 1307 3939 ’
1346 3902 1349 3909 ’

703 4068 705 4073 ,
1111 4027 1219 4088 acce·
1335 4063 1340 4079 ,

1292 4228 1299 4241 ἱ

1248 4244 1392 4280 ..Q

1211 4308 1242 4319 ..
