3109 4825
421 481 519 632 '27⁶-
566 463 1207 642 urtnucrs'crssr'tnuvnu¹
1266 465 1312 622 ’ᾗ

447 725 588 797 iunxit:
637 733 816 816 tantoque
856 731 1052 818 propterea
1090 721 1207 816 magis
1252 722 1334 796 eius

417 813 421 828 ’
449 821 660 923 exemplum
681 818 795 895 nostri
820 818 962 912 ¹ordinis
993 819 1208 906 horninibus
1231 845 1336 897 corn-

208 999 212 1006 .
295 977 328 1000 .·
389 1011 394 1018 ι
450 923 609 1023 mendo,
642 939 683 998 vt
703 920 827 1000 saltem
859 920 987 998 diebus
1018 920 1162 997 nefastis
1187 928 1228 996 in
1253 932 1335 1003 otio

363 1031 367 1050 ⁴
450 1028 614 1105 melioris
634 1026 827 1126 refigionis
857 1023 966 1101 fastos
996 1025 1188 1124 excolant,
1219 1032 1337 1127 iisque

351 1129 355 1138 ’
415 1195 419 1204 .
451 1129 489 1207 se
508 1129 597 1205 dent
609 1138 717 1228 atque
734 1126 914 1205 addicant.
966 1129 1337 1227 Habebunt'oiirnpfe-

213 1309 216 1320 ,
250 1289 269 1316 ,.
445 1240 587 1320 riantes
604 1233 763 1307 Romani
782 1227 883 1305 suam
904 1229 1113 1334 decurstonem
1134 1230 1335 1335 Tiberinum,

247 1387 251 1393 -
344 1353 369 1403 .·
454 1343 558 1413 cuius
576 1340 743 1409 meminit
759 1331 896 1436 Cicero
922 1332 1008 1433 (lin
1025 1336 1067 1409 V.
1092 1332 1137 1410 de
1161 1337 1237 1411 Fin.
1255 1362 1338 1438 cap.

349 1441 351 1446 ’
410 1451 415 1462 “
457 1439 618 1540 XXIV.)
640 1434 838 1536 suamque,
864 1453 906 1514 vt
927 1440 1026 1538 leges
1048 1440 1068 1479 '⁶
1088 1434 1233 1513 nostrae
1267 1466 1336 1518 vo·
1362 1475 1376 1526 χ

455 1537 564 1640 cant,
596 1542 785 1632 Maritimum
806 1537 852 1613 ad
875 1538 1022 1621 Ostiam.
1075 1539 1146 1615 Sed
1166 1540 1337 1620 excursio

318 1711 323 1724 .
378 1687 381 1692 ·
454 1642 569 1721 nostri
587 1646 745 1718 Minucii
760 1666 870 1740 quarn
886 1649 1038 1717 minime
1055 1660 1116 1718 aut
1141 1643 1260 1721 otiosa
1274 1662 1337 1723 aut

455 1745 598 1823 ludicra
614 1741 701 1821 fuit?
726 1743 838 1844 digna
852 1743 1039 1845 profetiO,
1066 1753 1170 1822 cuius
1185 1746 1337 1848 vestigia

403 1920 405 1924 ,
454 1849 612 1925 libenter
635 1839 864 1948 conspiceret
894 1846 1143 1949 Augustinus:
1176 1866 1212 1924 et
1227 1849 1333 1925 illum

340 2026 344 2033 .
455 1947 654 2049 receffum,
677 1955 717 2023 in
738 1974 814 2051 quo
834 1950 957 2028 habita
979 1949 1028 2026 est
1044 1950 1257 2053 disputatio,
1280 1950 1333 2028 sa-

456 2054 609 2153 lutaret,
635 2078 747 2152 quum
766 2059 806 2127 in
829 2049 983 2129 ecclesia
1005 2051 1160 2132 Ostiensi
1179 2075 1334 2132 matrem

455 2155 557 2233 suam
581 2160 774 2232 Monicam
809 2154 987 2258 sepeliret.
1039 2156 1219 2257 Equidem
1251 2160 1337 2250 reli-

455 2256 549 2364 giosr
564 2265 642 2336 eius
660 2257 856 2362 colloquii,
883 2258 985 2361 'quod
1005 2258 1124 2337 sancta
1144 2262 1237 2337 haec
1259 2290 1337 2340 rna-

415 2424 418 2429 .
453 2380 670 2444 tronacurn
683 2359 763 2441 filio
781 2361 847 2442 suo
862 2364 992 2441 habuit
1011 2362 1056 2439 ad
1078 2363 1167 2441 ostia
1188 2365 1249 2443 illa
1267 2368 1338 2442 Ti-

454 2466 584 2569 berina
607 2463 738 2570 (sicuti
758 2465 833 2569 ipse
855 2475 985 2545 recitat
1004 2467 1065 2542 lib.
1090 2470 1152 2544 XI.
1179 2467 1337 2557 Confes-
1377 2546 1379 2551 ,

338 2595 342 2607 ·
408 2667 410 2670 .
455 2567 792 2676 sion.)me1niniffe
818 2569 940 2673 soleo,
955 2575 1113 2673 quoties
1133 2574 1336 2677 Dialogum

455 2674 558 2752 hunc
581 2678 840 2750 Minucianurn
858 2677 953 2776 lego.
1277 2710 1310 2763 α,
1335 2700 1337 2705 ·
1372 2694 1373 2699 ’

508 2779 702 2877 Qraenarn
736 2775 823 2852 effet
859 2780 1020 2855 Romani
1050 2775 1124 2855 fori
1153 2776 1335 2882 conditi0‚

176 2950 180 2957 .
398 2956 403 2974 ..
455 2886 572 2981 qu'um
588 2887 627 2954 in
641 2905 688 2957 eo
705 2878 908 2956 versaretur
929 2881 1140 2976 Minucius3
1167 2907 1336 2984 quaeque

237 2990 240 2997 '
350 3021 353 3025 ·
455 2978 629 3069 ecclesrae
642 2989 682 3056 in
699 3007 741 3057 ea
753 2983 846 3058 vrbe
877 3001 965 3059 tunc
989 2981 1100 3061 facies
1125 2981 1228 3084 effer,
1256 2993 1336 3068 eius

305 3086 309 3093 '
407 3086 410 3093 ’
456 3092 581 3162 aetatis
603 3090 783 3162 memoria
808 3088 917 3189 plane
945 3084 1126 3162 ostendit:
1178 3105 1215 3163 et
1238 3114 1335 3190 quae

455 3184 654 3289 aliquando
682 3184 805 3291 ¹scripsi
828 3187 873 3265 ad
898 3188 1023 3266 Edicta
1046 3207 1213 3266 veterum
1233 3194 1337 3268 Prin·

456 3297 583 3393 cipum
598 3292 705 3368 Rom.
724 3290 768 3368 de
795 3291 1030 3395 Christianis,
1056 3318 1138 3368 earn
1159 3318 1239 3369 rem
1253 3296 1351 3370 illu..

455 3390 577 3472 strant.
630 3389 757 3496 Neque
784 3403 915 3498 ignota
951 3394 1002 3473 est
1021 3395 1171 3491 historia¹
1189 3413 1336 3500 ternpo-

976 3520 978 3525 '
1236 3525 1335 3603 rum,

496 3666 632 3733 *Tituto
640 3672 803 3755 Vtriusque
812 3667 874 3735 Co·
907 3692 959 3734 ma
974 3670 1035 3737 fuit
1052 3672 1210 3742 ἡδυπαθεῖν
1227 3656 1333 3743 {croft

453 3752 530 3818 dicis
545 3756 735 3821 deilaiuma.
762 3755 874 3822 'Suidas
894 3756 1088 3831 »θαλάττιὀις
1103 3752 1219 3830 trudan
1239 3754 1334 3837 ὀλλῆ·

457 3840 556 3924 Ostiae
564 3858 619 3902 eos
627 3841 717 3903 ludos
739 3841 874 3904 celebra·
907 3859 960 3918 ruer
975 3841 1213 3933 ipssdltnorrrn
1347 3843 1349 3847 ’

228 3931 506 4275 qun
522 3925 620 4003 addit,
643 3934 777 4009 quorum
792 3926 875 3993 sum-
1118 3998 1143 4020 ¹,
1253 3968 1257 3981 ·
