3109 4825
315 463 318 467 ⁵
412 523 441 544 ·-
553 510 973 592 orssnnrnmo,
1141 533 1211 608 293

332 701 460 776 cianus
483 704 522 772 in
551 696 616 776 suo
643 700 803 874 Nifrino
824 695 922 799 ipsos
941 696 1140 773 Romanos'
1156 722 1213 772 re-

333 802 425 879 ctius
441 800 579 899 irridet,
605 826 681 900 quo
720 799 947 878 Christianos
962 801 1023 874 hie
1038 824 1117 875 non
1132 804 1213 872 imi-

331 920 474 1002 tentur,
502 902 694 980 etfaciam
716 911 848 980 contra
872 920 1057 999 naturam,
1087 902 1212 1003 planc-

295 1019 298 1030 '
332 1032 402 1105 que
425 1007 520 1080 nihil
540 1024 601 1081 aut
620 1005 778 1107 sapiant,
804 1023 867 1084 aut
887 1004 1050 1087 sentiant.
1100 1002 1210 1081 Adde

333 1110 491 1185 Tertull.
508 1108 552 1184 de
567 1109 657 1186 Cor.
673 1109 747 1185 mil.

386 1266 562 1344 Ceterum
580 1266 785 1366 Caecilius,
808 1282 850 1344 vt
866 1268 954 1342 alter
970 1256 1155 1344 Lucianus
1168 1268 1210 1342 iu
1296 1358 1298 1362 .

285 1369 293 1392 ¹
332 1372 553 1469 Peregrino,
596 1368 824 1446 Christianos
836 1367 988 1468 irridet,
1019 1367 1120 1469 quod
1145 1393 1216 1444 co-¹

331 1473 410 1547 lant
431 1474 623 1556 hominem
645 1470 874 1548 crucifixum.
927 1471 1105 1551 Octauius
1129 1470 1210 1546 bre-

293 1603 297 1610 ’
325 1581 428 1651 ‘viter
449 1594 560 1675 negat
585 1576 778 1651 hominem
804 1591 947 1650 tantum
974 1572 1062 1674 elle,
1097 1600 1210 1674 quem

333 1676 478 1754 colant:
503 1697 539 1753 et
556 1684 708 1778 regerit,
744 1675 967 1754 aduersarios
992 1686 1115 1778 potius
1138 1673 1209 1752 elle
1316 1709 1318 1717 ·

332 1777 660 1882 drSeouoaa‘reoec,
695 1787 758 1882 qui
782 1806 887 1881 reges
909 1798 1093 1879 tamquam
1118 1776 1210 1856 deos

285 1919 289 1926 ¹
333 1882 493 1980 colant,·
508 1901 544 1957 ct
558 1909 623 1983 per
639 1910 768 1978 eorum
784 1891 893 1959 etiam
910 1883 1061 1983 genium
1074 1889 1226 1962 iurentz·

293 2085 297 2092 ¹
334 1991 556 2085 quinimmo
574 1995 720 2085 grauius
735 1994 888 2087 puniant
905 1992 954 2061 ita
970 1985 1244 2089 peierantems.
1370 2031 1375 2064 .-

334 2114 446 2186 quam
469 2083 496 2159 fi
518 2094 597 2185 quis
622 2087 726 2163 suum
754 2092 883 2165 louem
912 2089 1068 2166 iurando
1093 2088 1212 2165 sciens
1316 2101 1319 2108 '

333 2189 485 2265 falleret.
562 2188 732 2289 Suspicor
764 2193 825 2266 hic
857 2198 978 2265 notari
1014 2190 1213 2290 quamdam
1307 2253 1349 2289 Ι.

336 2290 637 2370 constitutionem
653 2290 863 2366 Alexandri
873 2294 1015 2368 Seueri:
1043 2319 1135 2391 quae
1159 2311 1212 2367 ta-

298 2474 302 2493 ,
334 2422 424 2471 men
441 2392 619 2469 relataest
634 2399 674 2468 in
689 2394 802 2471 libros
820 2397 912 2470 Iuris
926 2395 967 2469 L.
984 2396 1028 2487 ll.
1046 2394 1090 2472 C.
1112 2394 1150 2468 alr
1164 2422 1212 2469 re-

326 2496 396 2581 lus
411 2496 528 2573 credit.
573 2499 666 2573 Sane
690 2498 782 2575 olim
806 2494 1033 2574 Christianos
1058 2493 1211 2583 noluille
1269 2494 1275 2503 ⁴

336 2607 390 2678 vti
405 2600 467 2679 tali
481 2596 638 2683 formula
653 2598 907 2700 tunsionum,
934 2597 1029 2674 tellis
1051 2598 1101 2674 est
1116 2602 1213 2672 Ter·
1234 2600 1237 2609 '

337 2701 509 2795 tullianus
523 2708 563 2777 in
573 2701 839 2804 Apologetico.
893 2700 1080 2784 Sedtanto
1095 2688 1213 2801 magis

317 2813 454 2898 ‘miror
469 2831 549 2880 eam
564 2805 807 2906 posteriorum
822 2804 1021 2884 Caesarum
1041 2802 1215 2884 Christia-

337 2935 479 2997 norum,
488 2908 631 3011 legibus
647 2908 912 2993 commendari.

393 3032 576 3145 Caecilius
609 3057 878 3135 contumeliose
913 3058 1065 3156 obiicit,
1105 3054 1214 3144 Chri-

283 3223 286 3229 .
320 3159 472 3253 ‘stianos
494 3167 604 3237 etiam
626 3155 730 3264 uisum
749 3186 870 3236 crucem
891 3160 1043 3241 adorare.
1066 3172 1077 3205 '·
1093 3160 1216 3259 Negat

340 3262 530 3342 Octauius.
580 3261 822 3340 Aduersarius
849 3270 915 3363 iis,
948 3282 990 3342 vt
1019 3259 1213 3359 furcifero,
1265 3286 1269 3294 ·

339 3365 535 3443 maledicit.
586 3366 727 3463 Noster}
747 3366 852 3468 (non
874 3372 974 3443 enim
996 3393 1081 3442 eum
1104 3363 1216 3467 pudet
1271 3425 1287 3445 .
1339 3460 1344 3467 ⁴

341 3476 462 3546 crucis
485 3466 738 3574 Christianae)
774 3467 984 3553 cruciferos,
1003 3468 1074 3547 suo.
1097 3464 1214 3545 moelo

341 3571 415 3648 dici
436 3599 517 3649 non
539 3571 700 3672 recusat,
732 3571 835 3649 etde
861 3572 944 3648 suae
966 3581 1087 3648 crucis
1110 3569 1215 3671 ligno

283 3698 287 3709 ·
329 3673 534 3776 religioso,
561 3673 685 3775 (quod
701 3694 803 3752 certe
816 3676 1016 3761 maioribus
1036 3664 1232 3752 *olintum
1298 3706 1300 3711 ’

342 3772 420 3855 stris
435 3776 610 3854 familiare
629 3777 724 3881 fuit)⁴
744 3777 962 3880 respondet,
989 3775 1090 3878 quod
1111 3790 1218 3852 antea

344 3879 503 3968 lustinus¹
534 3900 584 3958 et.
604 3881 858 3979 Tertullianus
894 3881 1108 3989 scripserant
1119 3939 1131 3978 ,
1183 3892 1220 3953 et
1326 3951 1328 3955 .

345 4005 349 4015 ·
647 4014 686 4091 ss
793 3984 878 4082 T3
1038 3977 1358 4086 ,polleaff
