3109 4825
278 551 292 584 ;
418 531 511 612 '302
562 508 1193 590 FRANClSClBALDV'lNI

177 705 180 710 ’
293 687 318 768 ⁸?
426 708 674 802 ‚continentia
688 699 841 806 dignum
854 698 957 799 esset,
972 727 1051 778 non
1065 694 1325 776 meminissent·

426 810 612 898 ¹Tantum
629 804 745 902 abest,
772 822 814 881 vt
828 799 941 879 essent
958 827 1020 879 aut
1045 805 1246 880 turbulenti
1263 817 1328 880 aut

304 947 322 996 χ
443 902 627 1007 seditiosi,
668 925 730 1005 aut
754 913 908 981 immani
945 905 1142 1008 eupiditate
1168 906 1328 982 ultionis
1381 964 1386 972 .

399 1035 400 1040 ’
445 1011 707 1112 abriperentur.
784 1012 881 1085 Nam
912 1005 976 1085 etsi
1011 1035 1054 1102 ea
1089 1007 1329 1085 multitudiue

444 1113 536 1216 septi
569 1111 705 1212 essent,
752 1128 794 1188 vt
821 1110 928 1188 facile
952 1109 1095 1213 possent
1123 1107 1328 1211 conficere,
1384 1175 1389 1186 .

446 1215 548 1320 quod
564 1223 603 1292 in
617 1217 693 1293 hoc
708 1240 843 1316 genere
861 1212 1089 1302 instituissent
1130 1230 1257 1290 tamen
1273 1213 1328 1292 sas

379 1413 382 1420 ¹
446 1346 528 1397 non
554 1317 624 1395 esse
644 1318 830 1420 putabant.
904 1321 949 1394 Et
968 1344 1060 1395 vero
1083 1275 1168 1394 suae
1189 1319 1329 1417 alioqui

235 1517 238 1524 Α
380 1425 384 1430 ’
445 1424 637 1523 religionis
661 1441 697 1497 et
718 1428 897 1523 principia
925 1415 1156 1520 sustulissent,
1181 1436 1218 1495 et
1244 1418 1331 1496 sun-

270 1577 275 1598 ,
323 1579 326 1584 -
448 1525 620 1611 (lamenta
635 1523 852 1601 euertissent.
898 1527 1017 1601 Immo
1034 1550 1126 1600 vero
1142 1525 1359 1608 humanae,

191 1621 199 1640 ⁸
383 1680 386 1685 -
447 1627 631 1706 societatis
644 1628 795 1704 vincula
811 1634 937 1704 omnia
953 1624 1196 1704 dissoluissent.
1225 1624 1330 1725 Qrid

446 1731 556 1809 multi
573 1737 682 1805 etiam
705 1728 915 1832 philosophi
936 1729 1123 1808 ambitiose
1143 1728 1330 1831 praedica-

420 1926 425 1944 ι
448 1852 533 1914 rent
549 1832 599 1908 de·
612 1832 865 1934 tyrannicidis,
888 1852 1120 1910 notumerat.
1175 1830 1243 1907 Sed
1258 1857 1331 1907 no-

365 1995 368 2002 v
448 1936 510 2016 stri
538 1938 669 2011 talibus
694 1934 844 2011 flabellis
875 1935 1025 2012 incendi
1050 1935 1086 2011 se
1113 1963 1194 2012 non
1217 1941 1331 2036 patie-

222 2069 226 2076 ’
340 2041 343 2046 ’
448 2041 599 2116 bantur:
623 2057 764 2114 tantum
782 2038 890 2139 abest,
913 2057 954 2117 vt
966 2040 1157 2140 religionis
1175 2044 1332 2120 nomine

451 2141 702 2243 adpublicum
717 2142 952 2244 parricidium
968 2150 1218 2219 incitarentur.
1266 2144 1333 2216 Ni-

331 2299 338 2308 ·
445 2245 504 2322 hil
521 2243 570 2322 est
585 2243 882 2346 praetermissum,
899 2244 1001 2346 quod
1017 2272 1082 2322 eos
1100 2242 1331 2320 inflammare

450 2346 587 2452 posset,
622 2367 658 2424 et
679 2346 784 2425 suror
806 2346 886 2425 fieri
908 2347 1040 2426 dicitur
1070 2346 1163 2424 laesa
1190 2346 1332 2449 saepius

450 2459 636 2556 patientia.
661 2536 663 2540 ,
713 2451 872 2529 Sedens
901 2455 1032 2554 religio
1064 2458 1275 2544 continuit2
1296 2467 1334 2525 et

453 2554 499 2631 ad
511 2555 687 2631 inuidiam
701 2555 816 2632 modo
839 2564 1051 2658 patientiam
1075 2561 1240 2629 armauit.
1293 2551 1334 2629 ld

395 2684 398 2689 ·
453 2684 565 2759 vero,
598 2657 742 2758 dequo
767 2666 876 2735 etiam
905 2665 1031 2759 quaeri
1060 2658 1135 2734 hoc
1162 2674 1333 2758 tempore

447 2761 564 2841 audio
581 2780 617 2838 et
636 2769 770 2861 miror,
797 2778 972 2863 perpetua
985 2762 1146 2861 plurium
1169 2758 1335 2836 saeculo·

452 2891 538 2942 rum
550 2864 699 2942 historib
721 2882 792 2952 nob
814 2867 900 2940 alias
924 2861 1237 2941 confirmabimus.
1289 2864 1335 2938 ll-

453 2966 520 3045 sud
542 2968 658 3046 modo
680 2969 841 3043 breuiter
864 2974 1060 3068 attingam,
1085 2965 1186 3066 quod
1207 2970 1336 3057 Minu-

455 3080 537 3149 cius
552 3072 674 3149 dicere
684 3076 826 3172 potuit,
846 3097 890 3148 ac
902 3070 1028 3174 paullo
1044 3088 1128 3147 ante
1145 3077 1222 3145 eius
1239 3086 1336 3146 aeta-

454 3192 531 3252 tem
546 3173 688 3251 accidit.

490 3275 763 3354 Tertullianus
802 3275 848 3354 ad
890 3278 1101 3380 Scapulam,
1133 3274 1236 3378 (cap.
1267 3276 1336 3377 ΙΙ.)

461 3380 558 3456 (Τπεα
571 3378 786 3480 trimestrium,
811 3389 943 3481 inquit,
968 3384 1176 3483 inperatoris
1192 3375 1337 3481 insumu-

456 3510 551 3561 mur:
573 3495 681 3557 tumen
705 3511 872 3588 relinquam
896 3481 1073 3560 Albiniani
1080 3546 1091 3583 ,
1118 3510 1172 3558 net
1192 3481 1338 3582 Nigria-

456 3589 493 3662 ni
520 3584 573 3660 vel
602 3584 744 3689 Coffiuui
773 3592 913 3662 innutriri
934 3600 1119 3689 potuerunt
1150 3583 1337 3686 Christiani.

457 3692 565 3773 quat
580 3704 617 3764 et
640 3691 794 3764 alterum
809 3688 973 3766 eiusdem
992 3688 1215 3768 Tertulliani
1237 3689 1339 3786 loco,
1386 3758 1392 3772 ,

354 3862 357 3867 .
458 3801 563 3870 cuius
581 3800 977 3879 memoriamveterem
995 3793 1093 3884 hisce
1109 3792 1337 3892 temporibus

458 3904 634 3977 renouari
667 3898 868 4001 plurimum
905 3895 1080 3998 interest,
1123 3893 1336 3972 adscribere.

1233 3995 1341 4096 Vnde,
