3109 4825
417 457 860 601 *DISs'ERTA'TIQ
1009 533 1099 622 '271

215 710 387 789 Ridicule
405 709 573 812 profesio
587 727 622 786 et
636 708 771 811 inepte.
824 709 959 785 Saltem
972 709 1099 793 Arno&
1222 719 1226 728 ’

179 871 181 881 ·
217 817 283 892 bio
304 832 480 915 perpetua
495 819 663 890 oratione
687 820 804 891 vtenti
823 813 1025 913 Dialogum
1047 831 1099 893 te-

218 942 321 995 mere
351 914 631 993 adscribendum
659 942 740 993 non
773 912 843 990 esse
876 914 1100 1017 cogitassent

221 1023 359 1099 Verum
376 1017 539 1096 inscitiae
555 1038 631 1095 tam
647 1045 758 1096 caeca
772 1044 883 1118 quam
906 1017 1102 1117 considens

220 1121 272 1200 est
304 1121 464 1199 audacia.
542 1124 635 1198 Sane
674 1125 932 1224 Hieronymus
965 1119 1101 1225 scribit,

219 1229 473 1336 Nepotianum
487 1223 592 1301 suum
620 1242 696 1300 tam
717 1231 757 1298 in
780 1223 1017 1324 scriptoribus
1031 1253 1104 1318 ¹ec-

220 1326 422 1407 crefiafflcrs
448 1328 640 1429 diligenter
653 1326 836 1405 versatum
852 1324 973 1428 fuisse,
999 1323 1103 1429 vt,sr

220 1430 310 1533 quid
325 1457 370 1507 ex
385 1438 428 1507 iis
445 1431 680 1533 proferretur,
687 1429 804 1507 statim
820 1428 1036 1531 agnosceret
1051 1449 1104 1509 at·
1208 1493 1218 1512 ,
1260 1431 1262 1438 ’

221 1561 293 1634 que
326 1532 583 1635 discerneret,
611 1532 699 1634 quid
729 1533 975 1634 Tertulliani,
1013 1534 1102 1634 quid

221 1637 422 1739 Cypriani,
461 1635 549 1737 quid
578 1637 780 1736 Lassantii,
815 1635 903 1735 quid
928 1640 1102 1740 Minucii,
1129 1680 1131 1684 ·

220 1739 309 1840 quid
332 1740 531 1841 Vislorini,
565 1739 653 1841 quid
678 1738 841 1817 Arnobii
862 1736 956 1816 esset.
1008 1728 1105 1819 Cae·

220 1860 340 1919 terum
355 1861 460 1922 tanto
476 1851 593 1945 magis
610 1849 726 1920 miror
735 1841 923 1919 Erasmum
939 1869 987 1922 eo
996 1845 1100 1947 locu,

219 1948 324 2021 illum
344 1946 430 2023 dico
454 1946 662 2046 Erasmum,
697 1948 889 2023 hominem
919 1955 1103 2026 acerrimo

219 2049 361 2126 iudicio
390 2048 612 2149 praeditum,
646 2066 683 2124 et
719 2052 845 2125 talium
880 2046 950 2125 scri
977 2068 1101 2128 torum
1205 2112 1209 2133 ,
1318 2033 1376 2048 ”

203 2171 206 2177 ·
221 2158 375 2227 minime
389 2150 558 2228 obtusum
574 2150 785 2251 censorem,
813 2077 1018 2253 adnotasse,
1032 2156 1101 2230 hu·
1169 2193 1172 2200 ·
1303 2157 1306 2166 “

221 2261 279 2331 ius
293 2258 451 2331 Minucii
466 2255 558 2327 nihil
580 2279 682 2329 nunc
700 2253 848 2329 exstare.

275 2357 392 2437 Cuius
423 2353 646 2459 potiffimum
675 2362 906 2457 imperatoris
928 2366 1104 2463 tempori.

177 2472 180 2483 '
222 2462 293 2538 bus
310 2463 452 2538 Romae
474 2467 608 2536 vixerit
628 2459 751 2536 noster
770 2464 981 2562 Minucius,
1006 2491 1104 2542 non·

223 2562 314 2640 dum
328 2564 421 2638 mihi
434 2562 517 2640 satis
534 2564 657 2663 liquet.
710 2566 965 2664 Hieronymus
980 2574 1020 2642 in
1035 2566 1103 2645 suo
1177 2658 1179 2663 ¹

222 2668 417 2769 catalog0‚
445 2693 520 2767 quo
538 2665 732 2766 scriptores
753 2663 1019 2751 ecclesiasticos,
1042 2696 1103 2772 eo,

209 2774 304 2872 'quo
335 2778 526 2871 vixerunt,
549 2771 679 2848 ordine
715 2769 905 2847 recensere
943 2772 1124 2874 videtur‚.

222 2875 329 2951 illum
349 2873 508 2975 Origeni
529 2866 761 2975 proximum,
790 2874 983 2977 Cypriano
1004 2884 1104 2977 prio-
1156 2873 1159 2887 '
1206 2938 1208 2943 .
1254 2903 1263 2931 ‘·
1291 2946 1302 2957 ..

219 3003 302 3053 rem
323 2974 445 3078 fuisse,
482 2977 635 3056 obscure
666 2973 855 3078 fignificat.
929 2979 999 3054 Sed
1022 2988 1118 3057 eius·

224 3081 362 3180 alioqui
384 3082 446 3158 vel
462 3079 647 3158 saeculum
660 3081 722 3155 vel
737 3098 891 3158 aetatem
909 3109 989 3160 non
1009 3082 1104 3158 indi·
1182 3100 1185 3113 ’

223 3200 294 3260 cat.
346 3182 457 3262 Certe
472 3191 512 3261 in
528 3185 708 3288 Cypriani
721 3182 759 3257 de
776 3184 936 3260 idolorum
951 3190 1103 3262 vanitate
1183 3242 1189 3255 s
1235 3184 1243 3194 “

221 3287 346 3365 libello
361 3288 519 3388 plurima
532 3286 627 3388 sunt,
642 3310 735 3388 quae
752 3285 904 3364 totidem
921 3290 1045 3366 verbis
1060 3296 1102 3368 in

231 3390 370 3467 Oslauio
400 3395 560 3469 Minucii
590 3391 780 3493 leguntur:
816 3389 960 3469 necesse
981 3410 1033 3471 vt·
1046 3389 1102 3494 srt,
1142 3394 1145 3402 “

220 3494 287 3572 ἀυτ
299 3495 401 3571 hunc
417 3495 462 3570 ab
475 3493 562 3594 illo,
588 3513 650 3571 aut
664 3492 769 3581 illum
782 3493 827 3569 ab
842 3496 919 3573 hoc
941 3521 984 3573 ea
1006 3494 1102 3588 sum-

222 3594 334 3700 psisse.
388 3601 643 3701 Hieronymus
678 3603 838 3675 veroin
875 3599 1026 3700 epistola
1053 3597 1101 3677 ad
1140 3684 1143 3695 η
1268 3620 1277 3631 ’
1368 3690 1375 3707 ¹

224 3703 429 3802 Magnum,
462 3704 622 3803 loquens
643 3701 690 3778 de
702 3703 842 3777 Latinis
864 3701 1102 3803 scriptoribus
1175 3746 1177 3750 v
1275 3732 1277 3737 ¹

223 3800 421 3906 ecclesiae,
448 3801 510 3881 ets1
528 3809 745 3882 Minucium
765 3822 850 3882 ante
869 3804 1102 3906 Cyprianunt
1232 3856 1236 3867 „

223 3903 370 4008 laudet,
396 3909 660 4015 *tamenlillam
681 3907 732 4003 de
749 3905 863 3998 idolis
891 3913 1102 4087 oratirysrem
1203 3936 1205 3943 ·

570 4064 573 4069 -
817 4054 820 4059 -
971 4030 1103 4091 acn-
