3109 4825
317 571 326 594 ,
547 492 966 576 urssnnrnrro.
1127 517 1235 612 m,

319 687 441 764 alieni.
492 680 715 761 Ambrosius
737 708 819 761 non
848 680 966 785 pallus
988 680 1039 759 est
1059 708 1146 763 eum
1158 671 1205 766 'ln

319 795 475 867 crimine
501 804 574 861 tam
597 783 686 862 salso
713 784 845 863 diutius
868 784 1054 863 exsultare.
1131 790 1203 868 Sed

320 917 437 991 quum
450 915 530 965 non
543 891 663 965 multo
678 888 758 989 poll
772 890 860 966 vrbs
878 886 951 990 ipsa
968 901 1074 990 capta
1095 907 1202 991 atque
1253 885 1255 892 ’

321 985 466 1093 direpta'
483 988 620 1091 suisset,
666 1017 747 1069 non
770 992 995 1068 erubuerunt
1016 998 1119 1093 impii
1144 1019 1204 1070 ca-

320 1098 563 1174 lumniatores
590 1094 702 1171 talem
756 1093 917 1171 ostremo
951 1093 1094 1170 cladem
1119 1097 1205 1171 reli·
1351 1185 1353 1190 Ι

322 1204 427 1301 gioni
454 1195 681 1276 Christianae
702 1122 929 1274 arlscribercc
982 1197 1201 1299 coaslusque
1234 1272 1236 1276 .
1364 1291 1372 1302 ρ

317 1300 374 1380 'est
404 1296 524 1376 rursus
553 1297 783 1402 Augustinus
809 1318 884 1376 tam
909 1317 1022 1376 tetrae
1054 1297 1204 1377 maledi-

323 1411 465 1482 centiae
497 1428 707 1480 occurrere.
759 1404 857 1478 Nam
889 1421 925 1478 et
949 1422 1144 1505 propterea
1166 1403 1203 1481 se

321 1506 408 1583 suos
426 1505 464 1579 de
484 1508 618 1580 riuitme
639 1508 709 1580 Dei
734 1506 850 1581 libros
869 1502 1038 1606 scripsisse
1059 1505 1206 1606 latetur.¹

323 1608 415 1709 Agit
444 1633 535 1710 ergo
558 1615 680 1683 minus
701 1605 880 1685 malitiose
904 1608 1107 1708 Caecilius,
1140 1616 1203 1710 qui
1320 1669 1328 1682 ,

321 1713 480 1790 aliorum
500 1712 684 1811 ‘exemplo
715 1711 825 1786 talem
851 1709 971 1787 facem
993 1717 1033 1787 in
1058 1712 1204 1790 nostros

316 1842 402 1892 non
434 1822 677 1913 contorquet,
710 1838 833 1914 neque
863 1840 993 1891 eorum
1021 1822 1203 1892 innocen·
1325 1855 1328 1862 ·

308 1924 409 1995 tiam
425 1935 501 1992 tam
516 1916 669 2017 indigne
693 1936 833 1993 onerat.
887 1920 1007 1995 Immo
1030 1943 1124 1995 vero
1145 1924 1202 2018 ils,

309 2039 367 2098 -vt
387 2016 545 2116 miseris,
577 2037 619 2095 vt
645 2018 770 2109 vitiis,
802 2038 844 2097 vt
862 2018 996 2120 seruis,
1011 2019 1203 2123 ipsetan·

347 2148 432 2195 uam
455 2126 600 2221 magnis
633 2121 796 2197 victoriis
827 2122 965 2223 elatuS,
1001 2142 1039 2199 et
1065 2123 1205 2202 summa

294 2148 495 2300 selicitate
525 2223 752 2320 cumulatus,
784 2220 939 2323 superbe
964 2224 1128 2303 insultat:
1148 2242 1204 2304 -et

323 2328 400 2403 hoc
414 2331 570 2403 nomine
596 2343 669 2399 tam
700 2325 850 2400 illorum
871 2328 1090 2427 religionem
1113 2328 1206 2405 sasti-

303 2460 308 2473 ¹
324 2427 426 2508 diosc
441 2428 633 2530 deprimit,
658 2453 768 2528 quarn
782 2425 884 2503 suam
898 2429 1058 2530 gloriose
1075 2429 1206 2510 attolli't

273 2608 275 2613 .
324 2530 628 2637 superstitionem.
704 2533 763 2606 Sic
791 2538 891 2627 enim
913 2531 1061 2632 profani
1084 2535 1206 2609 homi·
1356 2626 1360 2633 ι

307 2663 393 2713 ¹nes
411 2662 457 2712 ex
469 2633 620 2713 fortuna
645 2651 682 2710 et
701 2659 826 2710 rerum
847 2631 1008 2710 successu
1033 2635 1204 2736 pendent.
1284 2630 1288 2639 ’

327 2743 387 2817 Sic
406 2736 481 2840 ipse
510 2738 648 2816 Cicero
679 2763 747 2839 pro
771 2738 904 2817 Flacco
940 2738 1206 2818 contumeliose

315 2850 487 2944 exagitat
526 2841 746 2918 ludaeorum
777 2859 816 2916 et
847 2857 997 2942 gentem
1030 2858 1066 2917 et
1094 2840 1204 2918 sacra.
1310 2904 1314 2911 .

328 2945 398 3022 Sed
438 2964 475 3022 et
512 2943 704 3047 Apionem
741 2943 884 3020 ludaeis
927 2942 1135 3022 seruitutem
1169 2965 1206 3022 et

328 3074 543 3147 aerumnas,
569 3065 756 3147 tamquam
770 3046 876 3124 salsae
899 3050 1089 3149 religionis
1114 3047 1208 3125 testi·

329 3159 476 3250 monia,
503 3147 735 3228 confidenter
759 3148 949 3250 obiecisse,
976 3179 1022 3226 cx
1049 3144 1206 3253 losepho
1257 3248 1259 3253 Ι
1344 3233 1346 3239 ,

327 3257 578 3355 intelligimus.
637 3257 777 3328 Mirum
800 3278 911 3353 vero,
938 3254 1018 3354 poll
1041 3272 1207 3357 tempora
1249 3256 1259 3273 “
1345 3350 1347 3357 Ι

330 3385 480 3458 quoque
509 3353 768 3455 Constantini,
802 3359 981 3432 lulianum
1011 3367 1207 3456 imperato-

330 3487 410 3536 rem
430 3458 575 3537 nostros
599 3459 727 3534 eadem
748 3465 892 3535 ratione
908 3459 1115 3560 impetiisse,
1142 3460 1208 3538 stc-

329 3572 384 3639 uti
399 3592 444 3639 ex
465 3562 597 3666 Cyrilli
618 3560 914 3664 responsionibus
938 3564 1208 3663 cognoscimus.

332 3669 486 3766 Qianto
515 3664 553 3741 id
583 3673 699 3766 magis
737 3673 858 3766 potuit
888 3666 1098 3766 Caecilius,
1147 3673 1210 3765 qui

316 3769 580 3868 'Christian08,
612 3766 678 3843 nili
703 3767 889 3869 adflictos,
921 3768 1091 3868 miserm,
1124 3794 1212 3868 pau·

304 3932 307 3939 ·
329 3899 456 3976 peres,
476 3874 600 3951 nullos
614 3868 777 3959 viderat?
799 3879 1077 4050 itggue'magno
1092 3869 1215 4046 supler·
1315 3890 1317 3895 ·

327 4019 342 4039 ,ψ
848 4040 856 4050 ,
1124 3998 1211 4049 c1to

1294 4044 1392 4252 7*
