3109 4825
366 469 369 476 ¹
432 539 520 632 '284
569 519 1239 630 rnAthsctssAantnr.
1368 485 1370 490 ’

445 710 620 812 scriptum
639 665 759 785 iuiffe:
784 707 845 791 sed
860 709 986 788 falsam
1002 708 1106 787 fuine
1124 709 1336 812 inscriptio·

327 841 329 858 ¹
447 841 536 892 nem
558 831 698 890 monet.
752 812 878 891 Credo
900 814 955 888 illi
975 840 997 889 a
1018 811 1240 914 quibusdam
1262 811 1335 891 effe

344 935 367 948 “·
449 914 690 1018 adscriptum,
717 923 804 1016 quia
819 918 881 993 hic
898 915 1093 993 videbatur
1107 916 1179 994 tale
1194 916 1336 1018 aliquid

347 1053 374 1082 κ
451 1017 738 1128 effepoliicitqs.
790 1018 1004 1120 Arnobius,
1036 1045 1149 1120 quem
1171 1023 1336 1097 Minucii

451 1122 669 1223 discipulum
682 1121 734 1197 ''et
761 1128 987 1200 imitatorem
1009 1123 1193 1225 appellare
1215 1121 1335 1225 soleo,

413 1287 418 1296 ,
451 1225 569 1303 modo
588 1223 814 1302 aduersarios
839 1225 884 1301 de
908 1224 986 1304 fato
1009 1224 1177 1326 accusat,
1216 1226 1336 1305 modo

453 1337 565 1406 etiam
579 1327 808 1407 Christianos
824 1328 958 1405 eodem
972 1336 1127 1407 nomine
1141 1321 1336 1408 accuratos

360 1513 364 1525 ,
452 1429 555 1509 fuiffe
573 1430 744 1509 ostendit:
769 1440 857 1507 etin
872 1450 1027 1533 atraque
1050 1450 1175 1508 tamen
1201 1430 1334 1534 causta,

351 1629 354 1634 ³
453 1562 570 1637 quum
591 1533 729 1611 adrem
741 1554 897 1613 ventum
911 1535 974 1634 est,
998 1537 1193 1634 haerenet
1207 1533 1336 1614 nescio

453 1637 649 1740 quomodo
676 1645 853 1714 attonitus
882 1638 1005 1731 ἐπίχει.
1080 1641 1179 1714 Nam
1207 1637 1336 1747 (iuuat

454 1748 556 1817 enim
572 1759 722 1842 propter
736 1744 950 1815 Minucium
970 1755 1009 1817 et
1028 1739 1211 1842 quosdam
1223 1775 1226 1779 ·
1240 1742 1334 1817 alios

455 1844 576 1921 obiter
591 1842 657 1918 hic.
667 1844 823 1942 notare)
844 1842 904 1917 lib.
921 1843 997 1920 Vll.
1021 1842 1256 1945 posteaquam
1271 1868 1334 1919 ex-

455 1952 608 2045 agitauit
620 1944 754 2043 fatum,
778 1943 988 2044 praesertim
1002 1949 1110 2047 quale
1131 1950 1244 2024 Stoici
1264 1941 1334 2020 fin-

327 2061 345 2070 “
455 2048 611 2149 gebant:
645 2048 706 2121 has
721 2059 849 2146 tamen,
872 2054 1011 2148 inquit,
1028 2063 1166 2150 partes,
1193 2052 1337 2153 qniarer

317 2150 320 2156 ’
456 2151 592 2256 nimia-ai
611 2147 703 2248 longi
723 2148 771 2250 est
783 2149 938 2253 multique
949 2145 1130 2253 sermonis,
1159 2150 1338 2252 inenjnlica·

457 2265 512 2328 tas
533 2254 786 2327 transcurrimus
808 2266 908 2356 atque
930 2251 1081 2328 intattas.
1133 2252 1236 2328 Idem
1256 2253 1338 2329 libr.

412 2361 419 2376 “
448 2347 502 2433 111.
517 2379 632 2456 quum
646 2353 819 2432 scriberet
834 2353 1063 2435 Christianos
1084 2381 1129 2434 vr
1156 2362 1210 2432 eri
1229 2381 1338 2469 roga-

456 2475 538 2557 toS,
568 2485 616 2535 an
638 2455 714 2535 fine
735 2459 928 2536 voluntate
957 2463 1028 2535 Dei
1043 2466 1113 2559 .qui
1140 2485 1253 2560 quam
1273 2459 1339 2535 ire-

455 2558 535 2640 ret?
555 2580 634 2639 tam
654 2560 691 2638 se
713 2569 899 2662 Vtrimque
920 2569 1037 2663 premi
1058 2560 1184 2661 sentit,
1208 2572 1268 2662 vt,
1292 2558 1338 2638 ad
1380 2632 1384 2637 .

347 2684 349 2689 '
455 2665 699 2769 debendum,
724 2664 987 2766 deprecatione
1014 2663 1208 2742 cuiusdam
1229 2672 1339 2766 igno-

457 2775 599 2846 rantiae
620 2786 753 2846 viatur.
805 2766 863 2866 Si,
889 2773 1030 2867 inqait,
1060 2769 1171 2845 canna
1193 2770 1259 2843 eins
1282 2795 1340 2843 ao-
1371 2760 1375 2773 ’

459 2872 587 2946 lantate
625 2871 864 2973 conficiantur,
904 2896 959 2944 nec
992 2874 1078 2946 citra
1117 2874 1183 2946 eins
1222 2883 1340 2945 natum

457 2975 637 3078 quidquam
651 2970 761 3074 potest
783 2975 816 3045 in
837 2969 930 3048 rebus
951 2972 1005 3048 nel
1014 2977 1194 3075 prouenire
1213 2972 1267 3049 nel
1285 3000 1341 3049 ca·

457 3075 549 3161 darn·
572 3069 919 3178 neeellariostqnitnr‚
945 3088 984 3150 at
997 3075 1086 3153 mala
1106 3080 1205 3151 etiam
1227 3073 1340 3151 cantia

351 3209 356 3219 ’
456 3178 627 3254 volentate
653 3180 720 3251 einr
748 3177 977 3281 intelligantur
1000 3174 1120 3282 enasci‚·
1141 3180 1198 3283 fin
1230 3191 1340 3255 antem

277 3298 281 3307 ·
344 3332 352 3341 -
457 3278 560 3355 dicere
581 3280 795 3379 noluerimus,
811 3279 1020 3384 peffimontm
1044 3280 1088 3359 ab
1109 3311 1145 3357 ea
1165 3282 1341 3357 reiieienter

458 3381 600 3483 eaaffits,
643 3382 723 3461 mali
751 3383 805 3485 effe
835 3378 1010 3486 conscium,
1049 3397 1341 3489 generatoremque

333 3494 338 3501 ’
457 3472 596 3562 arellius:
620 3488 775 3586 incipient
790 3486 893 3561 videri
907 3501 968 3563 ant
991 3515 1027 3563 eo
1048 3493 1155 3565 inuito
1177 3516 1228 3563 rer
1241 3485 1341 3591 peffi-

222 4018 457 4274 ἢ·

457 3588 631 3691 maefieri,
656 3602 736 3688 ant,
763 3590 909 3693 qnadſst
931 3595 1069 3668 immane
1089 3589 1219 3694 dixtffi,
1245 3588 1343 3697 nesti-

458 3704 549 3790 ente,
576 3694 717 3791 ignaro,
744 3719 784 3767 ac
798 3686 909 3794 neseio.

513 3792 617 3894 Qiid
630 3800 743 3895 igitur
758 3795 908 3872 tandem
921 3802 1018 3874 inter
1033 3797 1100 3874 has
1115 3797 1231 3874 veluti
1244 3793 1342 3899 sym-

458 3894 632 4002 plegadas
650 3894 886 4000 constrittus‚
904 3897 1108 4003 quaestioni
1122 3894 1342 4003 respondet?

1081 4060 1083 4067 .
1193 3996 1343 4105 Restion-
