3109 4825
391 543 489 650 232,
515 521 829 622 ranucrscr
858 475 1147 602 aninumr
1212 501 1216 516 “

320 753 324 760 ·
393 693 614 794 mentarium
631 714 808 814 colligere
822 739 902 791 non
915 708 958 789 srt
971 689 1125 790 necesse.
1151 712 1276 789 Multa

235 793 257 858 '¹
286 881 293 896 ,
394 845 441 896 ex
455 802 942 918 ueterumphilosophorum
953 813 1276 917 disputationibus,

393 941 431 998 et
468 937 639 997 'oetarum
658 917 790 996 fabulis
805 936 842 995 et
863 921 1031 996 Romana
1052 917 1276 1018 Graecaque

392 1025 429 1101 h·
464 1031 544 1099 oria
567 1020 743 1098 subtiliter
770 1038 808 1099 et
828 1020 938 1102 dode
958 1011 1021 1097 hi'c
1042 1039 1274 1122 repetuntur.

394 1127 534 1202 Verum
546 1132 712 1225 ineptum
739 1122 825 1202 effet
845 1131 889 1201 iis
912 1123 958 1200 de
980 1124 1098 1220 rebus
1121 1121 1277 1200 adnota-

369 1309 378 1330 .
392 1236 515 1308 tiones
532 1228 664 1305 multas
680 1246 717 1304 et
728 1226 863 1305 otiosas
881 1227 1055 1304 hocloco
1069 1226 1272 1303 inculcare.

394 1331 570 1430 Mallem,
602 1356 695 1429 quae
720 1329 764 1406 ad
786 1337 1043 1431 antiquitatum
1062 1327 1274 1406 christiana-

361 1477 368 1496 ·
394 1461 479 1511 rum
502 1440 720 1510 memoriam
743 1440 946 1535 pertinent,
986 1429 1137 1532 copiose
1160 1433 1275 1533 expli-

392 1563 489 1614 care.
567 1534 638 1611 Sed
660 1555 696 1612 et
717 1537 851 1612 harum
872 1541 1149 1613 commentariis
1180 1536 1275 1612 alius

282 1629 298 1650 ⁸
392 1638 539 1716 dabitur
553 1640 704 1716 liberior
718 1640 843 1715 locus:
874 1663 962 1714 nam
980 1644 1046 1737 iis,
1079 1662 1174 1738 quos
1197 1645 1272 1713 iam

390 1744 590 1841 inchoaui,
626 1738 858 1817 absoluendis
892 1738 1090 1841 aliquando
1119 1765 1179 1817 me
1208 1738 1271 1815 de-

266 1841 291 1928 J
392 1844 488 1921 dam.
541 1847 617 1920 lam
639 1868 730 1920 vero
753 1861 898 1943 praeter
921 1843 1029 1941 illos,
1062 1867 1157 1943 quos
1179 1840 1266 1940 dixi,

393 1947 543 2022 libellos
557 1944 666 2022 valde
680 1947 794 2022 uelim
809 1953 919 2022 etiam
933 1946 995 2023 hic
1012 1946 1086 2047 legi
1108 1963 1144 2022 et
1164 1970 1268 2023 com-

391 2055 514 2153 parari
542 2045 762 2125 aduersarius
783 2057 971 2127 orationes
997 2048 1209 2150 Symmachi
1233 2062 1279 2124 et.

393 2147 600 2229 Ambrofii:
650 2170 825 2254 utquam
848 2150 1007 2230 caullam
1037 2158 1169 2228 acriter
1191 2159 1271 2250 qui-

392 2254 499 2355 dem,
537 2252 599 2331 sed
621 2263 792 2357 priuatim
820 2272 963 2355 tamen,
992 2280 1069 2354 quo
1100 2271 1270 2355 tempore

391 2356 610 2439 Christianis
635 2359 759 2461 palam
784 2356 854 2436 elle
877 2365 941 2438 vix
962 2358 1118 2457 licebat,
1153 2358 1271 2434 aelam

357 2478 369 2501 ⁰
391 2459 463 2540 elle
478 2488 524 2537 ex
538 2466 709 2540 Minucio
725 2461 932 2539 audiemus:
957 2460 1125 2537 eamdem
1144 2463 1271 2538 multis
1287 2460 1291 2465 ’

390 2564 474 2670 post
496 2572 601 2642 annis
617 2566 765 2668 publice
779 2573 820 2641 in
832 2573 954 2643 auiico
971 2561 1189 2642 conlistorio
1204 2571 1271 2641 ite-

390 2693 477 2746 rum
495 2676 703 2771 iterumque
726 2676 921 2770 agitatam:
958 2675 998 2743 in
1022 2692 1138 2766 eaque
1162 2668 1272 2745 nobi-

389 2770 466 2848 lem
479 2772 736 2850 Romanorum
752 2770 941 2849 sacrorum
963 2788 1183 2871 patronum,
1207 2778 1272 2872 qui

386 2890 430 2950 et
463 2873 631 2976 pontifex
661 2878 849 2950 Maximus
879 2893 916 2950 et
946 2871 1148 2973 praefedus
1186 2875 1305 2952 vrbi‘

391 2993 489 3075 erat,
528 3004 616 3053 cum
644 2983 808 3053 maximo
837 2993 874 3053 et
906 2982 1088 3054 acerrimo
1116 2975 1271 3053 antistite

390 3079 607 3157 christianae
651 3081 842 3180 religionis
878 3077 1139 3180 commillum,
1191 3105 1270 3181 qno

388 3197 560 3283 tempore
572 3180 685 3258 nostri
700 3183 804 3257 liberi
819 3198 943 3282 erant,
965 3199 1002 3258 et
1016 3181 1116 3259 bona
1137 3208 1272 3283 aequa·

391 3310 466 3385 que
484 3283 712 3385 conditione,
728 3285 937 3367 audiamus:
960 3283 1169 3388 praesertim
1182 3311 1271 3362 cum

389 3384 502 3464 iudex
517 3405 554 3462 et
567 3387 700 3471 arbiter
714 3386 866 3488 sederet,
889 3413 971 3466 non
986 3388 1102 3466 modo
1122 3410 1195 3464 tam
1213 3415 1272 3465 re-

388 3487 563 3590 ligiosuS,
589 3515 699 3591 quam
723 3496 935 3591 MinuciuS,
965 3491 1027 3568 sed
1051 3493 1170 3569 multo
1194 3519 1273 3570 ma-

389 3598 481 3671 ioris
501 3589 744 3693 audoritatis,
770 3611 807 3670 et
829 3601 893 3695 qui
914 3620 993 3670 rem
1014 3596 1111 3670 bene
1132 3593 1272 3672 iudica-

389 3710 467 3774 tam
491 3694 659 3796 exsequi,
700 3713 737 3772 et
768 3692 964 3773 aduersarii
992 3697 1271 3776 calumniatoris

289 3850 295 3861 ·
387 3799 630 3901 petulantiam
646 3806 845 3899 reprimere
867 3818 977 3901 atque
992 3826 1168 3878 coercere
1188 3799 1271 3903 pos,

280 3974 283 3979 .
315 4000 318 4007 Ι
381 3900 452 4013 ¹set.
504 3904 647 4005 Siquis
670 3901 830 4006 denique
850 3903 913 3981 hic
936 3900 1114 4013 adiungat
1137 3903 1275 4085 Atpffi
