3109 4825
547 495 993 587 1urssunrAT1o.
1159 531 1233 610 arr
1357 615 1361 622 .

344 691 395 772 est
408 691 453 771 ad
467 690 677 802 religiosam
688 691 763 769 sne
778 700 1134 773 commentationem
1147 693 1225 779 siue

344 798 624 900 diputationem.
703 796 859 897 Cicero,
885 796 986 896 quod
1007 798 1070 873 abs
1096 797 1224 881 nostro

343 901 523 979 Scaeuola
537 905 698 998 accepit,
722 901 845 975 narrat
864 898 950 1078 glib.
966 901 1008 975 ll.
1026 898 1071 975 de
1087 901 1225 981 Orato-

340 1028 383 1078 re
399 1029 478 1103 cap.
493 1004 582 1103 Vl.)
605 1004 755 1077 Lurlr'urrr
777 1030 847 1075 cum
890 1005 1013 1102 crpione
1016 997 1154 1105 solitum
1169 1005 1225 1109 effla

340 1104 510 1205 rusticari:
544 1132 658 1208 eosque
678 1102 907 1180 incredibiliter
930 1100 1148 1208 repuerascere
1168 1107 1223 1210 qffe

330 1202 469 1311 solitos,
496 1235 595 1311 quum
611 1235 668 1283 rus
684 1235 724 1281 err
737 1204 834 1307 urbe,
861 1220 1030 1310 tamquam
1051 1236 1091 1284 rx
1110 1213 1224 1285 uincu-

339 1311 381 1385 lr'r
405 1310 594 1413 euolofferrt:
623 1311 759 1385 conclus
780 1315 909 1409 etiam,
935 1322 967 1383 et
988 1310 1156 1387 umbilicos
1175 1312 1226 1389 ad

341 1400 510 1513 Coleiurri,
546 1426 577 1488 ei
605 1414 653 1488 ud
673 1414 853 1488 Lucrinum
874 1413 977 1513 legere
993 1408 1162 1517 consuesse,
1186 1427 1222 1494 ri
1319 1501 1323 1516 ¹

284 1509 287 1513 ⁸
337 1514 386 1590 ud
400 1541 523 1592 omnem
550 1520 653 1591 ouimr'
671 1520 751 1591 remi
775 1542 879 1589 eonem
904 1515 1075 1620 lrrdrrmque
1097 1517 1135 1591 dr
1149 1545 1221 1594 cerr-

335 1617 417 1701 drre.
470 1620 556 1695 Eius
585 1643 677 1696 vero
714 1618 874 1719 exempli
898 1615 1022 1715 „statim
1058 1620 1150 1695 mihi
1177 1628 1219 1701 in

334 1738 498 1797 mentem
519 1729 641 1821 venit,
675 1746 793 1822 quum
808 1724 1019 1797 Minucium
1039 1722 1217 1826 audirem,

332 1825 460 1901 reliilo
480 1822 630 1926 strepitu
658 1819 814 1925 forensi,
849 1823 936 1900 cum
955 1822 1023 1901 suo
1054 1824 1216 1906 ouauio

332 1926 516 2026 rusticari,
540 1945 577 2003 et
592 1934 632 2003 in
652 1927 760 2004 litore
784 1920 941 2005 Ostiensi
961 1925 1118 2004 suauiter
1138 1928 1217 2031 spe-
1277 1965 1279 1970 ·

290 2073 293 2078 ,
332 2030 429 2105 blare
451 2031 650 2129 puerilem,
702 2055 813 2130 quern
837 2028 1024 2131 describit,
1076 2030 1213 2110 ludum.
1314 2059 1316 2066 ·

331 2130 403 2205 Sed
422 2156 535 2231 quum
563 2128 694 2205 deinde
721 2129 850 2229 audiO,
885 2158 993 2230 quam
1013 2139 1054 2207 in
1076 2133 1141 2210 illo
1161 2133 1215 2211 so·

331 2231 429 2310 cellu
443 2250 480 2308 et
494 2238 615 2333 grauis
633 2248 670 2307 et
684 2230 774 2308 seria
788 2230 834 2307 de
859 2234 1040 2332 religione
1058 2233 1215 2336 disputa·

329 2343 385 2414 tio
407 2333 534 2436 fuerit,
565 2342 603 2410 et
634 2336 740 2434 quale
766 2330 809 2409 lit
834 2340 875 2408 in
899 2332 1041 2413 deserto
1066 2333 1214 2417 fornice

328 2435 545 2533 consilium3
569 2436 707 2538 sentio,
735 2462 935 2537 numquam
951 2437 1121 2515 coailum
1136 2443 1212 2519 Ro·

327 2567 411 2619 rnae
425 2539 531 2617 luille
557 2537 723 2621 senatum
738 2545 876 2633 xmaiori
894 2539 940 2615 de
958 2566 998 2615 re
1007 2567 1020 2617 :¹
1053 2543 1212 2619 nullum-

328 2668 402 2745 que
422 2643 546 2722 forum
591 2644 723 2721 vrbem
743 2644 902 2742 nullam,
929 2642 1074 2719 nullum
1092 2669 1211 2747 nego,-
1301 2642 1307 2652 ’

326 2754 440 2847 tium,
465 2747 520 2822 illi
542 2705 615 2823 bue
629 2753 709 2825 otio
724 2739 799 2823 siue
822 2744 1008 2824 solitudini
1028 2751 1210 2847 praetule.
1249 2844 1253 2857 1
1344 2822 1347 2832 ,

313 2876 388 2930 ro:
426 2848 637 2952 saepiusque
664 2867 707 2927 vt
734 2846 983 2927 iurisconsulti
1018 2874 1066 2927 eo
1089 2850 1215 2933 modo¹

324 2951 466 3055 feriari,
498 2950 667 3030 secedere
697 2972 806 3053 atquc
826 2951 986 3029 rusticari
1008 2951 1207 3054 aliquando

324 3060 459 3157 velint,
493 3075 620 3158 optare
641 3082 771 3157 cogor.
824 3054 889 3132 An
912 3063 1105 3133 incorum
1129 3065 1207 3147 ani.
1318 3092 1320 3097 ·

323 3180 408 3236 mos
423 3157 555 3238 cadere
570 3186 651 3238 non
666 3157 783 3261 potest
798 3156 919 3235 sanila
934 3159 1050 3258 aliqua
1064 3176 1101 3235 et
1121 3161 1206 3242 reli-

322 3260 425 3366 giosa
440 3280 476 3339 et
490 3260 632 3340 secreto
648 3261 714 3339 suo
729 3261 840 3362 digna
853 3286 977 3338 rerum
993 3261 1221 3347 diuinarum·
1263 3306 1267 3313 ·

322 3362 522 3467 cogitatio?
572 3364 781 3446 Lailantius
811 3371 949 3464 innuit,
988 3368 1201 3447 Mlnucium

319 3467 394 3545 sese
409 3486 529 3546 toturn
541 3494 621 3554 non
635 3463 828 3545 contulille
844 3466 888 3543 ad
903 3465 1058 3543 studium
1076 3492 1203 3550 rerum

320 3569 653 3649 ecclesiasticarum.
706 3568 777 3646 Sed
790 3666 792 3673 Ι
806 3586 910 3647 tanto
935 3570 1100 3648 nobilior
1121 3581 1222 3650 eius·

318 3673 601 3777 iurisprudentia
619 3672 707 3774 luit,
733 3697 845 3774 quae,
860 3673 976 3773 qualis
992 3671 1062 3749 elie
1077 3673 1200 3776 debet,

319 3784 361 3855 in
374 3776 563 3880 republica
585 3775 670 3854 fuit:
701 3792 737 3852 et
758 3802 881 3852 rerum
903 3774 1110 3853 diuinarum
1131 3777 1200 3851 hu·
1233 3797 1235 3801 ·

299 3905 585 3985 ¹rnanarumque
610 3902 740 3963 curam
768 3897 805 3965 et
825 3885 1084 3984 cognitionem
1106 3903 1199 3963 con·
1222 3934 1225 3941 -

762 3983 888 4073 se,
1063 3984 1263 4065 inmun.
1379 4039 1382 4044 ·

1175 4142 1392 4305 sp?
