3109 4825
520 551 571 608 20
737 479 922 610 Eutimia
945 532 1133 628 cognitionis

524 713 643 788 abillo
664 710 948 803 mutabimus,
980 736 1044 788 nec
1059 708 1157 788 scuto
1174 715 1260 796 fidei
1283 718 1343 794 ad·

526 811 671 906 sumtu,
708 840 774 890 nec
805 822 917 914 gratia
941 814 1072 922 Dei&
1100 823 1218 916 gloria
1249 846 1342 896 mv

463 961 467 978 =
528 942 703 992 eumen
722 918 949 991 confiderata.
1000 921 1129 990 Tertius
1150 920 1219 1010 est,
1234 920 1260 991 si
1275 921 1342 996 ho·

526 1044 590 1104 mo
606 1018 737 1092 deliffis
758 1013 823 1091 suis
840 1011 1030 1091 obseruatis
1053 1024 1205 1094 animum
1225 1038 1343 1098 tanto·

526 1143 612 1220 pere
629 1120 805 1209 demittat,
832 1120 925 1219 quafi
939 1143 1079 1191 omnem
1097 1122 1169 1194 Dei
1188 1129 1341 1221 gratiam

528 1221 700 1315 effuderit.
748 1227 913 1317 Quartus„
926 1220 951 1292 fi
964 1243 1032 1320 qua
1046 1243 1169 1318 opera,
1185 1248 1258 1322 quae
1273 1224 1340 1297 bo-

496 1321 498 1326 ⁴
528 1346 575 1398 na
588 1318 656 1397 effe
668 1340 850 1420 putantur,
864 1318 1028 1396 faciendo
1042 1325 1337 1424 peccatumque&

528 1449 682 1524 pugnam
714 1419 875 1497 aduersus
904 1424 989 1497 iilud
1020 1428 1128 1496 leuius
1159 1421 1341 1501 sentiendo

529 1543 682 1601 mentem
696 1520 788 1598 suam
797 1529 996 1622 tranquillet
1003 1549 1112 1623 eaque
1126 1527 1224 1600 read
1236 1533 1346 1626 grati.

529 1653 586 1702 am
600 1627 672 1701 Dei
683 1626 954 1725 ampleiiendam
963 1620 997 1700 se
1005 1626 1171 1700 idoneum
1187 1624 1256 1701 eise
1270 1633 1343 1703 exi·

528 1725 1344 1818 stimet.Atverohocluculenternobisdemon-

530 1831 631 1917 strat,
650 1829 802 1900 nostrum
819 1826 1005 1900 christianae
1026 1834 1103 1912 vita:
1130 1830 1280 1904 studium
1301 1831 1344 1904 ad

402 2017 407 2032 Ι
532 1934 714 2031 propriam
745 1929 930 2020 iustitiam,
965 1952 1074 2029 opera
1106 1932 1143 2005 δι
1173 1935 1345 2007 exercitia

531 2033 660 2108 redire.

352 2127 513 2231 Q0m⁰d⁰
541 2197 544 2204 .
583 2132 737 2207 Viatia
754 2135 823 2206 iam
839 2148 918 2208 ante
933 2138 1052 2207 omnia
1065 2139 1247 2234 quaeritur:
1275 2141 1345 2234 Q

354 2236 418 2317 ‘1¹¹¹‘
437 2215 519 2286 aba
529 2235 618 2340 paiio
638 2234 677 2307 ab
693 2236 749 2308 hoc
763 2234 967 2332 naturalibus
986 2233 1112 2308 viribus
1127 2240 1285 2337 operandi
1297 2263 1345 2309 ca-

357 2300 498 2367 Μ’
530 2337 637 2413 toute
653 2335 790 2407 liberari
805 2345 963 2436 quispiam
981 2337 1092 2437 pfft?
1139 2334 1247 2439 Atqui
1272 2338 1345 2413 haec

437 2496 440 2501 -
532 2443 681 2515 omnino
695 2458 748 2512 ars
763 2439 957 2537 magnust,
971 2462 1074 2539 quam
1082 2438 1182 2514 Deus
1193 2446 1344 2515 animam

533 2546 692 2615 omnium
711 2546 844 2638 optime
873 2541 1004 2615 docere
1027 2541 1139 2636 potest
1163 2543 1198 2615 ἃ
1222 2541 1345 2622 debett
1390 2572 1392 2649 p

531 2666 606 2743 quo
622 2638 695 2740 ipso
712 2659 825 2714 autem
849 2645 883 2712 in
904 2647 1054 2740 negotio
1071 2642 1218 2740 Spiritus
1232 2643 1346 2719 Sanffi
1391 2674 1392 2739 t

374 2749 380 2760 ’
443 2816 448 2829 ,
533 2749 759 2842 operationes
768 2768 831 2838 per
844 2742 1021 2839 hominem
1031 2747 1184 2818 maxime
1201 2746 1348 2842 impedi·
1391 2746 1392 2817 f

533 2844 920 2918 untur&retardantur.
972 2842 1121 2918 Duabus
1133 2852 1346 2921 veroviiseo
1391 2889 1392 2894 =

389 2994 404 3009 ·-
535 2951 756 3045 peruenitur,
780 2961 818 3016 vt
830 2943 915 3018 Deo
930 2969 996 3017 nos
1021 2950 1057 3017 in
1077 2965 1191 3020 totum
1208 2942 1347 3022 submit·

356 3048 411 3133 ,vit
422 3053 522 3139 prim·
535 3065 610 3140 tere
623 3047 660 3121 &
696 3051 741 3118 ati
760 3041 947 3136 discamus',
972 3063 1010 3119 vt
1024 3052 1176 3122 animum
1192 3051 1348 3123 nostium

311 3150 313 3154 ⁴
537 3154 651 3250 gratia
664 3073 720 3219 iia
735 3151 880 3244 implere
896 3145 1006 3244 potiit.
1051 3155 1198 3225 Primum
1212 3146 1350 3226 neceise

535 3250 586 3325 est
610 3249 770 3337 homini,
798 3244 998 3343 facultatum
1024 3244 1158 3324 suarum
1188 3258 1350 3326 omnium

535 3343 728 3449 agnoscere
740 3352 1232 3447 impotentiam&vanitatem‚
1250 3353 1352 3453 quod

535 3452 622 3527 nihii
637 3447 776 3549 prorsus
791 3449 875 3523 boni
894 3452 1046 3552 reiiique
1059 3454 1214 3551 prestare
1223 3462 1350 3546 valeat,

534 3578 758 3631 citatarum
776 3571 889 3626 autem
912 3559 1029 3627 omnia
1053 3550 1184 3654 inipso
1209 3563 1354 3655 operari

535 3668 713 3751 oporteat.
765 3649 882 3752 Quam
898 3660 964 3729 late
984 3655 1054 3729 hoc
1076 3676 1211 3754 pateat,
1238 3684 1287 3734 ex
1304 3655 1353 3734 se·
1391 3660 1392 3709 ἶ

444 3806 454 3825 .
491 3830 497 3841 ,
535 3751 722 3856 quentibus
733 3759 922 3853 agnitionis
937 3753 1076 3831 miseriae
1092 3760 1215 3834 nostrae
1232 3762 1354 3861 gradi·

534 3852 602 3937 bus
617 3851 834 3959 perspicitur.
853 3895 857 3904 ·
885 3854 976 3943 Non
997 3852 1237 3941 subfistendum
1254 3860 1356 3933 estin

1234 3977 1356 4053 extet·
1391 4000 1392 4049 t
