3109 4825
392 483 869 619 ¹'·n1sstrrrnrro.
915 599 917 608 .
1038 511 1108 639 29'5

229 726 405 827 Iosephus
438 728 509 832 tale
540 716 775 804 mendacium
813 736 886 802 iam
914 719 1111 828 refutasset,-

226 838 350 907 minus
367 829 636 931 ignoscendum
658 831 708 907 est
730 834 889 929 Tacito,
917 837 1037 929 quiin
1059 855 1114 930 eo·

226 932 373 1035 perstat:
426 940 577 1008 minime
606 960 699 1011 vero
730 934 828 1033 illis,
878 940 941 1032 qui
975 940 1104 1009 maiori

226 1044 337 1111 etiam
354 1035 579 1136 impudentia
595 1036 820 1117 Christianis¹
831 1037 906 1113 hoc
927 1033 1105 1137 probrum

226 1138 456 1242 adspergunt.

277 1347 441 1443 Turpius
456 1342 524 1443 est,
552 1342 651 1443 quod
672 1343 857 1422 Caecilius
879 1340 1012 1418 codem
1035 1351 1103 1442 pu'-

191 1541 196 1554 „
226 1446 317 1523 dore
334 1449 506 1548 clamitat,
533 1473 598 1523 eos
613 1447 712 1521 colere
724 1442 827 1550 nescio
843 1451 927 1549 parde
934 1443 1117 1545 pinsendo„

225 1553 353 1648 Ecquo
367 1557 440 1624 ruit
452 1558 595 1648 impura
612 1545 887 1626 maledicentia?
925 1547 1104 1625 Octauius·

223 1651 308 1729 suae
324 1652 568 1729 verecundiae
586 1645 656 1728 esse
672 1653 862 1753 intelligit,
886 1650 925 1726 id
939 1652 1103 1754 longiori

224 1763 393 1832 oratione
410 1782 489 1833 non
511 1756 692 1834 refellere:
710 1764 865 1852 'interea
888 1753 1011 1830 audire
1036 1779 1102 1829 co·

223 1865 341 1959 gitur,
369 1860 437 1934 alia
451 1886 530 1935 non
548 1869 669 1934 minus
692 1857 874 1957 nefanda,·
892 1872 983 1932 'cum
997 1854 1102 1933 ‘Cae-

223 1962 328 2036 cilius
344 1961 582 2061 declamaret,
607 1957 766 2039 nefarios
784 1960 855 2037 else
873 1958 1100 2038 Christiano-

222 2073 306 2139 rhm
326 2085 454 2140 coctus
476 2068 734 2165 antelucanos,
759 2063 900 2140 incesto
929 2083 966 2138 et
988 2069 1101 2163 parri-
1124 2125 1138 2168 ,Ι

187 2180 192 2187 ’
224 2165 323 2242 cidio
340 2168 520 2266 pollutor,
545 2193 661 2267 prope
677 2186 717 2243 ut
730 2170 822 2244 olim
841 2184 944 2241 erant
958 2168 1097 2242 Romae

223 2270 475 2345 Bacchanalia.
528 2269 707 2348 Odauius
735 2271 819 2346 talia
841 2275 994 2344 crimina
1017 2294 1097 2343 non

221 2370 342 2451 solum
360 2373 422 2448 abs
439 2370 509 2448 suis
525 2371 684 2474 depellit,
708 2371 768 2449 sed
786 2378 893 2447 etiam
910 2388 1099 2467 retorquet

213 2485 262 2550 in
288 2475 522 2552 aduersarios,
575 2479 701 2575 Qram
729 2473 867 2553 incesta
890 2471 1002 2550 client
1023 2474 1098 2551 Ro-

223 2605 420 2655 manorum
443 2577 561 2677 sacra,
593 2606 674 2656 non
697 2579 746 2656 est
765 2586 948 2679 ignotum.
1000 2579 1098 2651 Nam
1203 2602 1205 2607 ’

224 2701 262 2759 et
280 2708 413 2758 corum
427 2694 445 2727 a
460 2700 589 2783 poeta,
616 2683 713 2761 Noto
728 2684 866 2784 Bonna,
893 2686 1031 2779 inquit,
1043 2673 1098 2781 se

221 2799 311 2862 creta
330 2784 428 2861 'dena
482 2788 556 2888 Diu
585 2793 695 2862 etiani
722 2787 902 2887 humanas
934 2782 1099 2861 victimas

221 2890 478 2966 immolarunt:
517 2884 579 2965 etsr
601 2897 642 2963 in
675 2890 754 2965 aliis
811 2888 953 2963 entibus
984 2886 1097 2985 hanc,

222 3020 302 3070 non
323 3000 396 3068 iam
421 2992 508 3069 dico
530 2992 710 3092 samiam,
739 2991 760 3066 s
831 2989 1099 3093 sanguinariam

224 3115 261 3170 ct
298 3095 509 3173 sceleratam
549 3094 731 3172 feritatem
775 3092 1098 3198 reprehenderent

222 3197 281 3276 Est
304 3218 425 3275 autem
450 3198 712 3298 memorabile,
751 3197 855 3297 quod
883 3196 1104 3274 Plutarchus

221 3309 262 3376 in
277 3304 458 3380 Problem.
474 3317 615 3400 narrat,
640 3325 705 3378 eos
729 3299 931 3379 obtendisse
953 3285 1098 3377 adhoc
1129 3310 1131 3323 '
1191 3323 1195 3331 ·
1265 3292 1267 3299 ’

222 3404 328 3479 suum
368 3404 503 3480 fadum
549 3401 824 3502 excusandum,
870 3407 1100 3504 aliorumque
1224 3433 1227 3439 ’

222 3506 482 3584 damnandum.
559 3509 700 3581 Mirum
725 3532 844 3606 vem,
885 3506 1099 3589 Christianis

221 3609 321 3707 sacra
348 3611 433 3686 talia
456 3607 600 3703 obiedla
629 3605 741 3685 fuisse.
777 3612 874 3686 ¹Fuit
892 3629 1017 3688 tamen
1037 3634 1101 3685 ve·

223 3733 282 3791 tus
303 3734 339 3796 ct
353 3713 524 3791 diuturna
544 3712 637 3790 haec
660 3715 863 3791 calumnia:
892 3733 929 3791 et
951 3710 1103 3815 quidem
1175 3714 1182 3729 '
1293 3733 1298 3740 ·

221 3838 242 3857 '¹
654 3818 745 3917 T4
909 3870 915 3912 t
1016 3836 1103 3915 Pf0'
1156 3829 1160 3834 ’
1262 3854 1266 3863 ’

265 3959 282 4027 a
304 3954 461 4019 quenalis
476 3951 575 4037 Satyr.
599 3950 656 4020 Vl.
676 3952 753 4018 vers.
770 3967 842 4035 313.
1115 3954 1128 3973 ⁶
1314 3938 1316 3945 ¹
