3109 4825
222 455 226 462 Ι
294 478 343 598 ᾗ
435 475 545 621 '272
595 485 1242 628 ripaticum-'aninumr
1287 625 1289 630 Ι

374 747 382 767 x
471 706 675 790 adscribere
710 702 906 807 Cypriano
935 710 1053 808 magis
1074 704 1230 786 uidetur.
1284 708 1356 790 Sed

258 805 274 906 ¹,
416 814 422 836 ⁸
471 820 563 892 etin
578 811 753 913 apologia
764 833 834 909 pro
849 805 921 885 suis
934 805 1107 886 aduersus
1118 813 1356 892 louinianum
1381 895 1383 904 ,

330 959 340 967 ·
373 1001 376 1013 ,
468 918 594 1014 libris,
620 920 742 1015 primo
765 911 854 989 loco
871 913 1163 1014 Tertullianum,
1189 912 1382 997 secundo·

378 1056 381 1061 ·
471 1019 724 1123 cyprianum,
754 1021 865 1092 tertio
886 1018 1100 1092 Minucium
1123 1019 1357 1100 commemo-

470 1140 537 1201 rat.
589 1120 808 1218 Sabellicus,
847 1115 908 1193 sed
937 1115 1013 1194 fine
1045 1117 1153 1220 telle,
1188 1121 1358 1204 adfirmat

471 1252 558 1305 eum
581 1225 726 1301 Romae
744 1218 924 1322 floruille,
956 1247 1032 1322 quo
1054 1223 1222 1324 tempore
1243 1229 1356 1304 Vrba-

345 1411 351 1422 ,
396 1389 406 1402 .
470 1354 543 1407 nus
555 1328 610 1402 ‘ibi
623 1344 700 1401 erat
716 1322 922 1425 episcopua,
943 1324 1020 1401 hoc
1033 1323 1097 1425 est,
1125 1332 1355 1430 temporibus

186 1445 228 1477 ¹·
317 1433 326 1510 ζ
452 1428 677 1532 ΙΑὶεκειηάῑί
699 1430 824 1503 Seueri
845 1434 1085 1528 imperatoris.
1139 1433 1176 1506 Si
1189 1438 1241 1509 ita
1254 1431 1352 1535 ellet,

468 1533 558 1613 'effer
580 1535 769 1608 Minucius
785 1537 969 1628 antiquior
983 1533 1197 1634 Cypriano,
1221 1561 1356 1637 aequa-

328 1687 331 1696 ι
468 1641 515 1716 lis
530 1636 786 1733 Tertulliano,
814 1631 1018 1733 nostrisque
1039 1634 1133 1712 adeo
1157 1638 1353 1717 Iuriscons.

335 1815 339 1822 ,
470 1742 630 1843 leiano
646 1755 683 1813 et
696 1735 834 1813 Paullo.
885 1738 1022 1813 Verum
1035 1736 1098 1814 etii
1111 1738 1363 1840 posteriorem·

321 1924 326 1930 ,
469 1840 574 1922 turffe
586 1841 754 1938 credam,
781 1856 905 1915 tamen
923 1848 1092 1941 proxime
1107 1844 1353 1947 illatempora

236 1963 242 2001 ³
469 1943 665 2047 sequutum
686 1941 759 2019 elie
782 1940 967 2020 existimo:
1003 1943 1127 2022 nostra
1151 1970 1241 2023 vero
1264 1973 1348 2025 non

335 2108 354 2130 .·
469 2058 650 2151 attingere
676 2044 743 2123 nist
771 2047 969 2124 interuallo
1005 2046 1237 2151 longillnno,
1271 2050 1349 2129 hoc

360 2173 363 2178 '
471 2152 542 2254 est,
568 2177 752 2229 annorum
765 2174 884 2252 prope
908 2174 971 2226 cro
990 2177 1070 2228 cce.

395 2293 398 2306 ¹
522 2258 709 2333 llliuuciuu
734 2270 885 2356 gentem
908 2254 999 2332 olim
1020 2255 1162 2332 Romae
1182 2254 1350 2335 nobilem

360 2382 363 2394 ’
469 2357 768 2459 indentemini,
805 2364 951 2458 inqua
986 2376 1146 2460 quatuor
1179 2358 1361 2440 consules·

469 2466 616 2543 Minucii
645 2463 818 2562 Augurini
843 2467 940 2538 intra
964 2488 1083 2539 annos
1109 2461 1249 2564 quadra
1275 2471 1283 2484 ’
1315 2483 1351 2544 ta
1376 2473 1379 2477 ’

470 2573 659 2653 numerari
679 2563 836 2668 poliunt.
889 2563 958 2640 Sed
981 2584 1018 2642 et
1039 2569 1205 2642 Minucios
1262 2565 1348 2672 arsos,
1375 2574 1378 2579 ’

469 2687 508 2749 et
534 2672 702 2747 Minucius
727 2668 762 2744 T
757 2669 883 2744 uermes
902 2676 943 2743 in
962 2666 1069 2745 Fastis
1095 2668 1349 2749 consularibus

466 2774 568 2876 lego.
616 2775 789 2871 Denique
804 2787 841 2845 et
856 2771 1026 2845 Miuuuur
1040 2773 1221 2849 Fundanus
1236 2768 1348 2853 Asiae

468 2874 612 2981 praeses
638 2874 708 2952 fuit
739 2870 906 2973 illustris,
937 2873 983 2949 ad
1001 2899 1112 2974 quem
1136 2874 1349 2955 Hadrianus

467 2988 668 3082 imperator
688 3002 769 3053 non
796 2981 962 3076 iniquam
990 2976 1036 3052 de
1060 2977 1277 3058 Christianis
1297 2981 1349 3057 le-

466 3108 555 3185 gem
570 3075 678 3157 mistt:
702 3094 743 3156 vt
755 3084 828 3155 iam
841 3080 934 3154 nihil
950 3078 1069 3157 dicam
1085 3080 1131 3158 de
1146 3109 1215 3184 eo,
1238 3090 1348 3162 cuius

467 3192 509 3261 in
524 3183 691 3287 Epistolis
709 3189 878 3259 meminit
891 3184 1048 3284 PliniuS,
1069 3187 1129 3261 vel
1152 3213 1265 3287 quem
1283 3187 1360 3278 ille¹

174 3350 177 3357 .
320 3300 323 3305 “
468 3286 593 3365 noster
613 3284 734 3363 laudat
753 3287 934 3388 lulianus,
967 3293 1070 3364 cuius
1095 3286 1142 3365 ad
1155 3291 1379 3367 Minucium-¹

384 3444 391 3457 1
467 3389 629 3469 Natalem
642 3388 725 3465 libri
744 3389 790 3465 de
803 3392 885 3467 lure
901 3391 1002 3469 ciuili
1024 3391 1229 3475 laudantur,
1304 3442 1309 3457 ι
1331 3478 1336 3489 f
1370 3422 1372 3427 ·

519 3493 589 3569 His
600 3518 693 3571 vero
713 3495 888 3571 omnibus
912 3521 1029 3575 vnum
1049 3499 1262 3573 Minucium
1281 3500 1364 3579 Fe··

465 3593 598 3696 licem,
631 3591 694 3672 etsr
711 3623 792 3675 non
813 3596 922 3675 fuerit
949 3597 1113 3675 eiusdem
1138 3618 1202 3677 aut
1223 3611 1346 3703 gentis

467 3718 532 3776 aut
546 3697 722 3802 familiae,
746 3699 854 3778 facile
878 3719 1089 3804 antepono,
1123 3719 1240 3783 aetate
1264 3714 1346 3813 qui·
1370 3746 1373 3755 =

356 3813 364 3839 ³
466 3802 553 3880 dem
566 3801 826 3907 posteriorem,
851 3803 1018 3885 dodrina
1030 3824 1174 3908 tamen,
1192 3816 1342 3911 uirtute,

465 3925 524 4013 et,
563 3905 668 4014 quod
702 3913 826 4015 primo
850 3909 943 3990 loeo
974 3909 1247 3999 numerandum
1273 3910 1342 4014 est,

474 4048 477 4053 ·
688 4060 692 4068 ,
962 4019 982 4059 ·‘
1207 4022 1375 4122 pietate,
