3109 4825
352 457 357 464 ⁸
461 520 513 594 60
552 613 555 620 ¹
612 493 931 594 nummu
954 457 1180 595 ueniere

463 710 567 790 vium
588 702 719 802 caluit,
747 719 786 779 et
805 704 830 744 ¹³
853 701 1190 790 incestae'libidinis
1214 704 1342 787 feruor

463 807 638 883 ebrietate
657 802 807 905 exarsit,
832 808 863 848 ¹⁴
878 813 1002 908 canis,
1029 814 1092 907 qui
1115 808 1340 891 candelabro

215 979 218 984 .
337 1009 339 1014 Ι
460 933 583 985 nexus
609 906 678 1007 est,
708 907 806 984 iaetu
832 907 970 987 offulae
998 910 1093 987 vltra
1123 909 1278 1014 spatium
1300 915 1343 990 li-

463 1037 576 1110 ncae,
601 1036 674 1111 qua
691 1010 837 1088 annus
858 1003 928 1112 est,
954 1010 1000 1088 ad
1017 1018 1197 1115 impetum
1218 1034 1255 1092 et
1276 1016 1342 1093 sal-

464 1113 545 1191 tum
575 1111 840 1215 prouocatur:'‘
859 1111 909 1191 fic
942 1113 1071 1193 euer'so
1100 1131 1137 1191 et
1164 1117 1341 1198 exstincto
1374 1161 1376 1166 ·

239 1205 244 1212 ’
360 1263 364 1277 ,
464 1215 618 1295 conscio
637 1217 777 1293 lumine
796 1215 1070 1397 imAEudentibus
1090 1219 1252 1297 tenebris
1274 1248 1341 1298 ne-

462 1346 536 1399 xus
556 1318 728 1398 udandae
749 1325 838 1423 cupi
863 1325 956 1398 'tatis
973 1320 1175 1400 inuoluunt
1193 1349 1263 1426 per
1282 1330 1341 1402 in-

604 1473 606 1478 ,
1145 1443 1342 1506 ·cnmm

512 1633 549 1697 13
581 1614 704 1696 inrefiue
753 1610 887 1682 libidinis
919 1613 1047 1680 dideri'm
1059 1623 1180 1691 tamen,
1196 1616 1276 1680 hanc
1294 1617 1341 1682 rei

457 1698 571 1784 feruor
594 1698 737 1764 ebrietate
753 1699 885 1783 exueste]
912 1699 1008 1772 =fuisse
1035 1703 1205 1786 originem·
1243 1701 1341 1767 Canes

466 1789 500 1848 in
515 1783 579 1848 MS.
596 1786 656 1848 est:
678 1785 801 1869 ineeJiae
818 1782 885 1847 libi·
919 1787 1106 1862 dicebantur,
1123 1787 1177 1871 qui
1196 1785 1233 1848 ad
1250 1788 1340 1849 inue-

467 1870 549 1934 dinis
587 1867 743 1934 ebrietatis
773 1869 885 1953 feruor
917 1871 1338 1954 stigandasetodorandasres

467 1953 883 2037 exnrfit.naanu1vs:i.
919 1957 1165 2031 adhibebantur,
1192 1955 1339 2019 ,docente
1364 2001 1367 2006 -

361 2117 365 2123 Ι
408 2037 412 2046 ’
466 2042 486 2104 i.
515 2039 659 2103 ebrietate
688 2038 800 2121 feruor
838 2061 884 2104 ex.
919 2043 1000 2110 Ven.
1015 2062 1203 2110 eneruem
1217 2042 1250 2104 in
1269 2039 1339 2105 Cia

466 2123 693 2189 unvusrus
745 2126 884 2208 reponit,
918 2146 955 2190 ve
979 2125 1108 2203 Cicerone.
1139 2127 1221 2211 quod
1250 2121 1357 2190 berbi'

391 2265 394 2270 ,
466 2209 601 2274 ebriatis.
622 2230 885 2274 necamus:
920 2214 1012 2275 etiam
1028 2213 1154 2275 Plautus
1172 2231 1228 2293 pro
1251 2211 1341 2295 vigili

465 2297 510 2360 Ee
523 2296 645 2379 incestae
658 2292 777 2359 libidini
794 2295 887 2358 ebrie·
919 2298 1064 2361 adhibuit.
1108 2298 1275 2381 Quumque
1286 2318 1340 2359 na-

341 2393 344 2398 ’
464 2378 886 2466 ietisflruorexnrfit.eno-
920 2383 1044 2446 scentis.
1057 2380 1200 2446 ecelesiae
1218 2395 1339 2465 tempo-

465 2484 647 2533 uovuvs:
680 2471 709 2528 ei
732 2468 765 2529 in
786 2487 886 2531 coecas
920 2468 1003 2531 ribus
1022 2469 1125 2550 plures
1148 2467 1259 2541 effent,
1285 2468 1339 2551 qui

380 2583 381 2586 ¹
464 2547 601 2614 libidines
612 2548 768 2614 ebrietatis
775 2551 887 2635 feruor
920 2550 1096 2616 Christianis
1120 2551 1338 2625 insidiarentur,

464 2635 583 2720 exnrfii.
635 2656 790 2702 venun.
811 2658 887 2702 ΜΛ·
920 2639 1061 2700 aluerunt
1078 2637 1171 2699 etiam
1180 2638 1339 2720 quosdam,

464 2720 703 2787 ximus-Lib.
739 2741 767 2797 a,
803 2743 829 2798 1,
857 2738 885 2805 5.
921 2724 974 2806 qui
989 2722 1022 2783 in
1037 2722 1340 2805 conuentibusdispi-

464 2808 778 2872 ProximnseLibero
795 2816 887 2889 patre
920 2817 1037 2876 cenent,
1059 2803 1217 2871 anadeffet
1234 2808 1340 2888 specu·

463 2888 889 2976 intemperentiuegradnsad
919 2890 1017 2962 lator,
1040 2891 1094 2972 qui
1110 2889 1284 2971 sermonum
1306 2902 1340 2952 et

464 2976 652 3062 inconcessam
673 2979 817 3040 Venerem
833 2973 886 3058 effi
920 2972 1136 3056 mysteriorum
1173 2975 1339 3056 aucupium
1390 3032 1392 3037 .

464 3062 622 3147 eonsieenii.
664 3063 745 3124 Hinc
773 3062 886 3125 Vinum
917 3058 1040 3123 faceret.
1084 3059 1175 3120 Hunc
1198 3060 1339 3121 dicebant
1378 3102 1384 3109 -

467 3147 578 3212 Libero
601 3154 726 3228 propter
752 3146 886 3221 excitan-
919 3155 1031 3206 runem.
1073 3141 1203 3205 Fortaffe
1220 3144 1264 3205 ini
1278 3145 1339 3213 fuit

465 3233 538 3299 dam
575 3229 728 3294 libidinem
760 3229 885 3293 attribu·
918 3227 1082 3310 negotium
1146 3229 1340 3292 candelarum

465 3330 536 3381 tum
560 3314 620 3378 effe
645 3314 770 3378 testatur
795 3311 885 3398 Istria-
920 3313 1339 3398 extinguendarumnquan-

465 3423 520 3466 rus
539 3403 625 3482 Orig.
645 3407 674 3472 8,
692 3416 721 3463 2.
919 3400 958 3462 do
973 3397 1092 3462 infidias
1112 3415 1338 3473 verererentur,

562 3562 565 3569 Ι
633 3530 638 3537 ·
917 3486 973 3548 vel
983 3484 1270 3548 certefenestrarurn
1285 3487 1339 3547 ob-

512 3587 552 3651 14
575 3568 668 3633 Canis
683 3601 725 3617 -
739 3588 886 3651 pronora·
918 3570 1143 3642 struendarum,
1164 3571 1274 3651 quibus
1292 3573 1339 3630 in-

464 3660 540 3730 tur]
565 3654 657 3722 Vnde
674 3656 887 3736 gentes'calu-
920 3655 1051 3719 consulti
1085 3655 1130 3716 illi
1155 3653 1338 3737 spectatores

345 3800 348 3805 ,
440 3742 582 3803 ,mnium
612 3739 690 3801 hanc
714 3736 886 3814 habuerint,
921 3742 1167 3806 excluderentur.

468 3823 888 3911 conicituestdifficile.Cre-
1078 3835 1080 3839 ’
