3109 4825
518 459 1037 616 aalaal'atol·
1137 528 1139 531 ·

320 709 525 835 ‘potuero'
553 740 601 805 vt
622 718 779 839 ingenia
805 697 856 810 ad
876 713 1257 833 elegantiae-sensum
1295 790 1296 794 a

334 844 546 942 acuerent,
589 832 743 918 eteius
774 857 955 922 amorem
984 833 1254 930 incenderent,

330 971 487 1057 tamen,
508 942 537 1032 sr
558 945 600 1030 in
620 944 685 1038 iis,
717 942 801 1030 hoc
827 942 903 1041 est,
929 946 975 1031 ,in
994 943 1257 1059 profanorum

332 1059 525 1162 librorum
539 1053 720 1162 jleelione
745 1053 787 1144 le
816 1055 1094 1162 continuillent
1119 1087 1256 1170 earum

296 1223 299 1226 ·
324 1166 507 1264 'studioso
531 1168 629 1257 nihil
642 1166 829 1255 aliudnisr
843 1189 1096 1280 contemtum
1110 1189 1272 1278 eorum,
1310 1231 1312 1236 .

255 1314 257 1320 ·
330 1280 518 1397 suscipere
536 1278 766 1396 pontiliano
794 1282 864 1396 qui
881 1308 1015 1369 rerum
1033 1283 1276 1371 diuinarum·
1349 1325 1350 1329 Ν

255 1483 257 1487 ,
327 1394 529 1483 ἷςίεητίαω
550 1394 766 1488 traderent,
792 1397 1162 1593 profuereaquod
1184 1428 1255 1483 eo·
1305 1490 1307 1494 .

263 1525 266 1530 ’
330 1505 632 1621 rumdisciplina
645 1504 853 1593 barbariae
871 1506 1035 1593 ordibus
1057 1511 1254 1595 contami·

285 1697 289 1703 .
331 1619 487 1720 nataet
516 1615 718 1706 obscurata
746 1616 847 1706 ellet,
903 1621 970 1707 Ac
996 1621 1109 1733 quod
1135 1622 1254 1708 tradi-
1297 1637 1319 1656 ’·

330 1760 420 1845 tum
433 1732 487 1819 est
508 1732 569 1819 dv
576 1729 776 1831 nomtullis
794 1730 894 1817 illius
914 1734 1107 1844 temporis
1127 1732 1254 1819 litera-
1343 1765 1346 1772 ’

330 1846 503 1941 toribus,
530 1872 616 1931 eor
637 1841 874 1931 abhorruiffe
908 1872 931 1931 a
962 1846 1171 1957 religione,
1205 1863 1254 1933 ‘et
1320 1924 1322 1928 .

330 1957 464 2047 diuina
490 1952 732 2044 contemsisse
759 1981 877 2068 atque
904 1954 1036 2052 nfille,
1073 1958 1117 2043 id
1141 1954 1252 2045 liita
1313 2051 1315 2060 ,
1343 2021 1348 2034 ,

330 2070 403 2172 est,
431 2096 577 2156 ernon
597 2069 730 2180 potius
753 2068 987 2155 criminandi
1014 2095 1054 2155 et
1080 2071 1253 2157 inuidiae

328 2182 530 2272 faciendae
556 2178 679 2269 caussa
711 2206 799 2268 tum
826 2212 849 2267 a
875 2182 1044 2268 barbaris
1077 2182 1253 2270 homini-
1348 2276 1350 2287 ¹

307 2300 423 2391 ‘bus,
450 2296 517 2408 qui
539 2319 793 2380 contemtum
817 2292 872 2381 sui
897 2292 1026 2381 vlcisci
1047 2313 1261 2412 cuperent,
1338 2324 1350 2351 ·

329 2404 647 2502 contumel,
700 2407 813 2520 quod
848 2408 1054 2510 docliffimi
1088 2413 1278 2523 quidam-

275 2613 276 2616 ,
300 2613 303 2617 ,
327 2526 401 2611 viri
414 2519 648 2617 existimant,
673 2519 818 2617 nescio,
831 2552 882 2608 an
895 2523 941 2609 iis
955 2524 1142 2609 acciderit
1153 2550 1250 2635 pro-

328 2646 481 2752 pterea,
501 2650 506 2667 '
527 2634 639 2748 quod
678 2636 720 2720 in
744 2634 920 2746 legendis
960 2634 1249 2748 traciandisque
1336 2730 1340 2735 ,

324 2752 432 2839 libris
462 2748 666 2863 gentilium
689 2746 994 2859 acquiescerent,
1027 2770 1249 2860 eorumque
1342 2792 1344 2797 ·

327 2864 518 2977 elegantia
540 2885 579 2946 et
599 2859 781 2945 suauitate
806 2860 859 2943 ita
886 2859 991 2970 capti
1009 2876 1249 2954 tenerentur,¹

327 3001 372 3065 vt
392 2974 488 3061 nihil
512 2970 615 3058 alind
634 2972 822 3082 attingere
850 2995 1041 3083 cuperent
1059 2997 1126 3058 aut
1146 2971 1248 3058 susti.

296 3088 475 3189 nerent.
545 3087 590 3171 ln
618 3108 709 3198 ¹quo
743 3079 854 3189 facile
888 3084 1065 3172 accidere
1101 3087 1247 3200 potuit,

327 3227 371 3291 vt
396 3194 637 3311 disciplinam
670 3196 868 3309 religionis
887 3196 1106 3285 iudicarent
1127 3230 1150 3286 e
1171 3196 1267 3295 stru,

288 3320 427 3430 [pore
440 3337 483 3399 et
495 3309 653 3397 ¹stultitia
672 3337 822 3397 eorum*
838 3309 901 3398 vel
918 3311 1151 3408 hominum,
1178 3309 1248 3426 qui
1309 3406 1312 3413 ,

326 3457 416 3516 eam
437 3451 525 3512 tum
549 3422 847 3537 profiterentur,
885 3424 949 3510 vel
976 3421 1169 3512 librorum
1197 3429 1248 3515 de

325 3541 541 3654 religione,
555 3539 623 3651 qui
637 3538 678 3623 in
693 3540 874 3624 manibus
889 3535 1100 3624 hominum
1118 3539 1248 3631 ellent.

325 3654 448 3761 Enim
467 3680 564 3740 vero
589 3681 685 3738 cum
704 3653 867 3763 quidam
888 3650 947 3735 his
967 3653 1085 3739 literis
1104 3657 1248 3748 imbuti
1309 3726 1317 3732 -

301 3810 303 3814 ⁴
323 3769 537 3881 ad³vete1es
549 3761 745 3857 Ecclefiae
758 3765 990 3854 Doelonrm
1001 3767 1124 3857 libros
1139 3780 1248 3885 grae

1173 3915 1248 3974 cos
