3109 4825
381 469 385 476 ’
447 463 528 621 996
572 449 1202 630 rsnucrscrsenovmi

423 771 428 784 ,
451 706 680 813 promiscuae
703 704 862 781 libidinis
885 702 1131 806 suspicionem
1148 700 1257 779 facile
1272 730 1337 778 au-

453 812 563 914 gebat
577 807 810 909 quorundam
819 807 1026 907 credulitaS,
1040 808 1198 906 quialios
1210 832 1256 881 ex
1266 805 1336 884 suo

375 999 382 1008 ,
450 921 606 1015 ingenio
621 911 826 1011 aestimant,
851 931 888 987 et
903 911 1085 987 nocturna
1096 907 1337 1009 promiscuae
1383 967 1392 980 ,

337 1097 341 1106 ,
452 1014 694 1112 multitudinis
710 1022 846 1114 coiti0,
873 1032 910 1090 et
933 1020 1017 1113 quia
1040 1012 1238 1113 Christiani
1259 1011 1345 1090 sese.

452 1118 581 1197 fratres
594 1117 811 1217 sororesque
826 1116 1070 1219 appellarent,
1098 1134 1205 1215 atque
1223 1123 1336 1192 etiam

358 1227 362 1242 '
454 1222 586 1301 osculo
603 1220 676 1297 sese
694 1229 856 1298 inuicem
883 1228 1104 1322 exciperent.
1157 1218 1260 1317 Qud
1283 1218 1337 1296 di-

346 1317 348 1322 ’
455 1352 564 1425 cam,
603 1323 731 1402 osculo
770 1322 951 1424 quosdam
983 1320 1337 1423 impudiceabusos

437 1426 550 1525 ‘·esse,
576 1446 617 1502 vt
632 1445 669 1502 et
683 1426 816 1503 fatetur
837 1446 874 1502 et
895 1433 1135 1526 conqueritur
1157 1425 1337 1501 Clemens

406 1547 410 1552 “
457 1523 732 1610 Alexandrinus
768 1535 801 1604 m
840 1531 991 1629 Pmdrrg.
1027 1526 1224 1607 Christiani
1253 1527 1338 1604 satis

328 1702 332 1710 .
388 1685 391 1690 -
456 1634 572 1711 multa
595 1631 771 1708 caslissimi
792 1633 843 1710 sui
866 1631 1016 1731 pudoris
1042 1630 1247 1707 testimonia
1270 1658 1339 1731 op-

457 1737 659 1840 ponebant.
712 1733 781 1811 Sed
796 1735 888 1810 nihil
904 1733 1003 1810 audit
1015 1733 1210 1834 impudens
1224 1736 1338 1809 male-

457 1840 646 1938 volentia,
671 1857 823 1937 quae'vt
838 1837 1003 1938 linguam
1030 1837 1141 1913 habet
1157 1845 1336 1937 intempe-

458 1958 621 2040 rantem,
659 1937 708 2017 sic
740 1967 862 2040 neque
884 1940 1044 2017 srontem
1079 1939 1200 2040 neque
1229 1963 1338 2015 aures

439 2044 579 2119 ·habet.
633 2046 725 2120 Sane
750 2063 787 2119 et
817 2044 906 2121 olim
930 2044 1120 2145 Apionem
1140 2045 1210 2119 tale
1233 2049 1339 2143 quip-

457 2154 558 2250 piam
590 2144 635 2222 de
669 2147 893 2225 ludaeorum
924 2148 1090 2224 coetibus
1121 2144 1339 2224 confinxisse

374 2333 377 2346 ,
457 2267 580 2327 narrat
595 2245 780 2352 Iosephus,
831 2255 930 2352 Ergo
948 2252 1039 2326 nihil
1056 2249 1186 2329 nostris
1204 2251 1265 2326 tali
1282 2257 1339 2325 in-

356 2363 358 2370 '
458 2352 568 2433 samia
584 2353 757 2457 oppressis
772 2356 869 2432 aliud
886 2354 1078 2456 superfuit,
1095 2380 1216 2455 quam,
1236 2350 1339 2454 quod

459 2457 549 2535 scite
571 2475 607 2533 et
626 2461 812 2559 eleganter
833 2459 1043 2563 Aeschylus
1067 2465 1134 2556 rit,
1170 2460 1228 2544 rm
1251 2455 1341 2549 diii-

461 2558 543 2637 demv
556 2560 748 2643 ἀνατιθέναι
762 2569 809 2638 τῶ
822 2563 937 2661 zedim.
991 2566 1080 2639 Non
1104 2581 1207 2637 erant
1220 2568 1341 2660 impo-

461 2661 595 2763 storeS,
633 2672 696 2765 qui
724 2668 837 2742 verba
867 2664 1013 2744 darent:
1059 2692 1139 2741 non
1164 2664 1341 2740 ¹homines

461 2764 611 2844 clamosi
628 2786 664 2843 et
683 2775 925 2868 impotentes,
955 2777 1018 2868 qui
1038 2774 1239 2867 conuiciis,
1266 2793 1341 2841 ma-

459 2867 619 2968 ledidis,
652 2870 782 2947 libeliis
814 2868 960 2946 saniosis
991 2870 1214 2948 aduersarios
1236 2868 1343 2946 vicis-

460 2967 528 3048 sim
544 2968 753 3073 opprimere
767 2973 914 3051 vellent.
968 2974 1091 3049 Rebus
1111 2972 1193 3075 ipsis
1216 2970 1343 3048 salsum

460 3074 648 3175 refellere,
676 3094 712 3150 et
734 3074 782 3153 eo
806 3073 954 3152 tandem
979 3075 1094 3154 modo
1117 3085 1269 3154 vincere
1291 3075 1344 3151 se·

460 3176 585 3261 dendo
601 3195 639 3253 et
651 3174 790 3256 silendo
808 3179 1007 3255 malebant:
1034 3199 1070 3255 et
1085 3181 1184 3257 bona
1204 3178 1344 3255 interea

330 3300 335 3309 '
461 3278 687 3357 conscientia
707 3281 781 3358 sese
803 3279 1045 3358 sustentabant
1075 3302 1181 3382 atque
1210 3280 1345 3358 conso-

403 3412 409 3433 ·
459 3382 636 3565 {phantom
714 3388 772 3462 Sic
814 3372 951 3463 bonam
999 3383 1153 3464 caussam
1188 3385 1367 3486 agebant.

488 3511 569 3562 ene.

515 3592 656 3666 Mirum
674 3589 816 3691 rursuS,
842 3591 1009 3670 Caecilio
1027 3606 1101 3668 tam
1123 3588 1346 3668 insolentem

459 3692 575 3777 'visam
597 3689 668 3768 esse
687 3694 787 3768 illam
812 3702 909 3792 inter
937 3723 1002 3773 eos
1020 3694 1175 3799 senterm‘
1208 3698 1348 3769 norninis
1379 3754 1388 3771 .,

461 3799 733 3896 communionem,
769 3821 883 3895 quum
909 3798 1040 3899 etipse
1062 3796 1348 3900 leianusscri-

461 3897 590 4004 pserit,
616 3926 715 4000 eum,
741 3904 805 4003 qui
826 3897 984 3979 fraterna
1005 3909 1152 4009 caritate
1169 3898 1335 4004 diligitur

223 3990 450 4257 fu,
1217 4026 1349 4081 -ει
