3109 4825
398 463 516 608 'ssno
564 493 1203 623 FRA'Nc1selssALDv1u1

252 727 257 736 “
443 719 653 805 argutum,
678 726 786 799 acre,
811 699 1046 781 uehemens:
1087 698 1136 776 est
1158 698 1331 803 pressum,

315 863 319 878 ,
337 853 342 865 ·
444 803 617 905 densum,
635 801 832 881 neruosunr
841 863 863 903 ,..
872 804 1009 883 crebris
1025 801 1210 882 sententiis
1226 829 1333 883 corn·

470 907 606 997 aetum,
659 913 899 1005 omniumque
929 913 1184 1006 antiquitatum
1220 910 1331 1011 atque

435 935 677 1091 sillonarum
697 1005 878 1088 memoria
906 1008 1099 1108 refertum,
1133 1016 1230 1088 etin
1254 1037 1331 1114 quo

445 1114 568 1219 plures
584 1110 793 1210 sententias,
821 1138 931 1215 quam
945 1110 1119 1213 periodos
1134 1129 1331 1190 numerare

444 1213 566 1323 pollis.
618 1218 715 1293 Narn
741 1241 863 1314 neque
891 1212 1037 1294 verbosi
1062 1215 1153 1294 olirn
1180 1214 1332 1293 suerunt

320 1395 324 1402 ,
448 1317 664 1417 Chriffiani,
689 1326 753 1420 qui
767 1318 878 1396 verba
894 1317 978 1396 dare
1006 1317 1175 1399 nondum
1195 1317 1331 1396 didice·
1362 1401 1364 1405 ,

218 1471 221 1478 -
346 1499 356 1508 ,
446 1439 546 1503 tant:
573 1439 758 1500 eteorum
781 1429 926 1526 patroni
947 1424 1051 1500 erant
1070 1421 1244 1498 homines
1265 1421 1333 1502 do-

448 1524 515 1626 sii,
539 1550 595 1623 ac,
621 1542 662 1602 vt
676 1524 754 1603 vno
771 1524 888 1602 verbo
906 1523 1046 1623 dicam,
1072 1522 1331 1626 polyhistores.

294 1719 302 1728 ,
332 1627 350 1648 “’
449 1626 567 1749 Qud
584 1625 627 1701 ad
642 1624 727 1706 falsa
739 1633 896 1704 crimina
910 1634 1050 1723 attinet,
1066 1653 1146 1702 non
1161 1647 1235 1704 tarn
1249 1653 1339 1713 ver-„

420 1747 422 1752 ·
448 1731 504 1807 bis
520 1746 556 1804 et
570 1729 720 1827 libellis,
747 1755 858 1833 quam
873 1736 949 1811 vita
964 1748 1001 1809 et
1024 1755 1065 1808 re
1088 1727 1164 1834 ipsa
1187 1728 1332 1810 refelle.

448 1832 539 1912 bant
565 1829 802 1911 aduersarios.

356 1965 375 2017 ,·
437 2025 447 2040 ¹
471 2003 473 2008 .
503 1933 797 2033 Qiaellio,quae
816 1935 878 2012 hic
894 1941 1128 2036 proponitur,
1147 1950 1183 2013 et
1197 1930 1331 2035 caussa,

345 2065 351 2075 ⁸
451 2062 526 2138 qua
556 2035 601 2111 de
628 2044 767 2138 agitur,
802 2065 937 2139 inagna
965 2035 1034 2139 est,
1075 2037 1120 2113 de
1149 2038 1355 2139 religione·

450 2165 586 2241 nempe
615 2167 702 2218 vera
727 2159 790 2217 aut
808 2140 903 2221 salsa.
979 2140 1175 2220 Acerrima
1205 2148 1336 2227 Vtrim-

450 2268 524 2344 que
548 2241 599 2321 est
629 2243 725 2322 assio
750 2264 859 2343 atque
889 2252 1094 2326 contentio.
1145 2247 1273 2323 Exitus
1296 2260 1335 2325 et

448 2345 608 2426 victoria
623 2345 692 2446 est,
719 2349 836 2447 qualis
858 2346 928 2428 esse
951 2346 1079 2448 debet,
1111 2347 1177 2430 vbi
1200 2373 1335 2430 verum

455 2476 542 2529 curn
558 2448 648 2527 salso
665 2447 845 2551 confligit.
897 2453 1083 2532 Malarunr
1098 2458 1257 2552 partium
1270 2478 1337 2530 ve-

452 2553 608 2632 hemens
633 2570 832 2653 patronus,
858 2571 895 2631 et
916 2557 1099 2634 bonarum
1120 2561 1242 2655 grauis
1264 2554 1334 2645 ho·

323 2726 327 2735 .
424 2728 428 2735 .
452 2653 512 2733 stis
530 2655 780 2735 est'Cae‘cllins
804 2658 955 2736 Natalis.
1033 2661 1179 2737 Harum
1203 2675 1345 2736 contra¹

319 2770 326 2795 ’·
361 2838 364 2845 ,
451 2756 612 2856 vindex,
637 2779 674 2835 et
690 2761 837 2835 illarum
851 2758 1047 2837 'accusator
1061 2768 1260 2838 acerrimus
1282 2777 1336 2836 at·

444 2887 525 2961 -que
539 2859 744 2939 iustissirnus
762 2859 814 2940 est
830 2861 1008 2941 Oslauius
1026 2866 1224 2939 Ianuarius.
1251 2856 1349 2942 Me-l

445 2962 534 3043 ulus
549 2963 648 3041 sedet
660 2965 783 3040 bonus
797 2962 907 3043 index
923 2983 1033 3063 atquc
1053 2966 1187 3043 arbiter
1207 2968 1337 3043 Minu-

453 3074 533 3151 eius
541 3068 651 3143 Felix.
679 3066 944 3145 Contentionis
960 3063 1108 3146 occasio
1124 3066 1205 3167 fuit,
1219 3062 1336 3169 quod,
1367 3144 1369 3148 .

452 3193 568 3271 quum
595 3170 657 3244 hic
685 3195 771 3244 curn
796 3162 943 3246 duobus
966 3170 1059 3270 illis,
1091 3178 1337 3272 quos-nomi-

304 3286 324 3333 “-
453 3279 561 3371 naui,
574 3280 614 3351 in
627 3272 734 3349 litore
747 3268 905 3356 Ostiensi
921 3274 1142 3372 ambularet,
1164 3274 1208 3350 ab
1223 3273 1338 3352 Osta—
1359 3368 1361 3375 Ι

451 3381 519 3454 vio
534 3372 731 3455 christiano
749 3375 994 3477 reprehensus
1009 3371 1050 3453 sit
1060 3376 1245 3454 Caecilius
1257 3377 1340 3453 eth-

450 3483 582 3575 nicus,
599 3484 663 3575 qui
679 3504 883 3556 occurrens
902 3477 1006 3556 idolo
1024 3477 1225 3578 Serapidis,
1244 3476 1339 3555 illud

453 3580 580 3658 colere
612 3577 648 3655 le
668 3576 907 3682 significasset
960 3584 1053 3657 Sane
1084 3584 1175 3658 olim
1206 3580 1340 3660 Pisone

371 3724 374 3729 ·
454 3702 492 3759 ct
516 3683 679 3759 Gabinio
705 3681 791 3763 cols.
817 3682 996 3784 Serapidis
1025 3683 1125 3760 sacra
1145 3684 1339 3786 Capitolio

454 3801 492 3863 et
510 3786 604 3886 'vrbe
627 3783 773 3863 fuerant
792 3786 924 3887 eiesla:
962 3784 1022 3863 sed
1040 3785 1166 3887 postea
1188 3787 1340 3865 suerunt
1374 3836 1380 3845 ι

214 3960 217 3967 .
335 3882 351 3911 ''
454 3887 638 3993 restituta,
670 3906 708 3971 et
729 3895 771 3969 in
793 3886 973 3997 suburbiis
992 3888 1101 3987 lacile
1125 3889 1338 3970 haerebant.

201 4022 205 4029 ·
237 3994 437 4279 ἢ
665 4090 668 4095 ,
1090 3988 1118 4095 J
1201 3994 1341 4098 Repre-
