3109 4825
387 587 390 594 .
435 539 1198 653 ,293·rxnueiserancnv1u1
1248 539 1253 548 ’
1299 509 1329 652 f

413 733 580 814 ¹*lamam
610 750 646 808 et
674 737 899 810 rumorem·
939 731 1017 809 Sed
1038 732 1141 809 nullo
1170 757 1327 833 quoque
1355 810 1358 816 ,

443 845 524 912 iure
547 835 586 910 id
607 834 708 937 lieri,
742 837 842 937 leges
867 838 995 913 ciuiles
1005 861 1085 950 pro
1110 833 1243 912 nostris
1266 862 1326 912 re-

444 937 694 1042 spondebant3¹
746 959 783 1014 et
812 940 886 1041 ipse
906 940 1194 1040 Quintilianus*
1216 937 1325 1039 dixit,

443 1028 529 1118 aolll'
556 1070 621 1116 ooo
657 1047 755 1117 etlam
788 1035 1038 1146 'innocentiffioao
1069 1041 1209 1118 occidere
1229 1043 1325 1145 posta

344 1195 346 1204 ·
430 1145 559 1252 j'rouole
583 1149 804 1248 inimicorum,
817 1141 915 1251 falso
934 1144 1161 1247 uulgata-llam,
1186 1158 1225 1220 ul
1234 1147 1326 1249 fini-

390 1291 393 1298 ,
429 1247 507 1349 stro
521 1275 649 1323 rumore
662 1248 797 1325 loborat.
850 1252 975 1349 Qram
991 1249 1237 1348 vero'procul
1258 1250 1324 1324 ab·

443 1335 557 1428 ellent
572 1352 768 1428 Christiani
786 1354 830 1427 ab
856 1358 960 1429 onmi
983 1349 1221 1451 homicidio,
1237 1350 1323 1429 satis

338 1447 340 1456 ¹
436 1454 622 1556 Ollauius
648 1454 823 1555 ostendit,
856 1482 969 1555 quum
997 1481 1046 1532 ne
1072 1453 1322 1531 homicidium

442 1556 591 1656 quidem
603 1565 642 1631 in
656 1558 748 1633 ludis
763 1558 985 1660 gladiatoriis
998 1558 1157 1660 spedare
1168 1584 1234 1635 eos
1253 1584 1322 1659 per

416 1661 540 1763 ,suam
563 1660 782 1761 religionem
806 1659 959 1763 potuille
993 1677 1134 1761 narrat,
1157 1660 1267 1760 quod
1284 1679 1322 1738 et

442 1781 548 1840 antea
579 1765 817 1864 Theophilus
844 1764 934 1840 dixit
959 1764 1007 1838 od
1022 1764 1242 1868 Autolycum
1284 1780 1321 1842 et

442 1865 577 1944 eodem
600 1883 767 1967 tempore
791 1866 1052 1968 Athenagoras
1075 1872 1109 1941 lo
1128 1868 1318 1969 Apologia,

441 1987 478 2052 et
493 1970 598 2044 latius
614 1970 865 2045 Tertullianus
880 1977 920 2045 in
944 1971 1038 2066 libro
1055 1973 1099 2056 ¹de
1120 1969 1264 2072 rSpelluc.
1282 1988 1320 2047 et

440 2069 565 2176 postea
578 2072 786 2149 Laetantius
802 2073 855 2148 ll.
873 2077 932 2150 Vl.
949 2101 1021 2177 cop.
1035 2076 1115 2149 XX.
1168 2072 1238 2148 Sed
1253 2100 1320 2166 ne-

385 2231 388 2238 ·
442 2201 514 2275 que
530 2173 652 2251 eaesae
675 2175 824 2277 pecudis
843 2176 1058 2279 sanguinem
1076 2174 1225 2277 gustalle
1247 2203 1319 2255 no·

440 2277 742 2357 lhos-Minucius
766 2278 947 2358 adfirmat:
984 2276 1086 2356 sicuti
1111 2298 1147 2355 et
1165 2282 1319 2355 Tertul-

439 2385 570 2459 lianus.
646 2386 704 2462 Sic
729 2393 848 2486 enim,
872 2413 983 2486 quam
997 2381 1167 2485 Apostoli
1185 2390 1319 2485 repeti-

266 2538 269 2547 ‹
369 2568 372 2575 ,
439 2504 514 2563 tam
538 2487 672 2564 Nohae
693 2490 813 2590 legem
838 2489 960 2566 rursus
985 2490 1163 2587 tulerant,
1190 2488 1317 2565 multis

309 2602 311 2609 '
435 2588 589 2669 saeculis
602 2589 714 2667 nostri
736 2593 930 2693 diligenter
950 2589 1210 2689 obseruarunt,
1235 2618 1318 2668 non

437 2701 560 2771 nunus
576 2720 684 2794 quam
696 2694 955 2798 Apollolieum
978 2702 1018 2771 in
1044 2692 1171 2770 eadem
1194 2696 1341 2796 Syno-¹

279 2808 282 2813 “
412 2796 488 2875 do
516 2797 705 2874 decretum
733 2800 808 2896 orgi
831 2800 983 2900 ποςνεὶας.
1060 2797 1172 2875 Certe
1203 2823 1317 2896 quam

244 2922 247 2930 ’
435 2899 650 3001 honestum,
682 2898 912 3001 religiosum,
943 2898 1139 3004 pudicum,
1163 2899 1318 2977 castum-

438 3030 513 3103 que
534 3003 644 3079 fuerit
673 3002 967 3081 Christianorum
989 3003 1153 3081 solemne
1183 3011 1317 3081 conui-
1385 3003 1387 3013 '

437 3113 562 3207 vium,
578 3104 678 3206 quod
694 3105 826 3203 alydon
841 3107 1088 3208 appellabant,
1113 3107 1314 3206 Caecilius,
1347 3202 1349 3205 Ι

438 3204 615 3285 slverum
635 3217 796 3308 ingenue
824 3209 965 3311 dicere,
1002 3238 1112 3312 quam
1142 3212 1315 3312 improbe

438 3319 585 3387 mentiri
606 3310 801 3412 maluillet,
824 3315 1029 3416 intelligere
1043 3331 1212 3415 potuerat
1233 3340 1315 3390 non

312 3444 314 3448 ⁴
435 3411 554 3492 solum
585 3441 630 3489 ex
649 3415 873 3495 Tertulliani
893 3416 1007 3494 nostri
1026 3418 1216 3518 apologia,
1252 3415 1314 3493 sed
1362 3457 1366 3467 ·

436 3515 536 3611 etlui
555 3518 659 3592 Plinii
681 3518 836 3618 quadam
857 3519 903 3598 ad
928 3524 1132 3597 Traianum
1153 3519 1314 3620 epistola.

437 3618 508 3696 Sed
544 3621 782 3722 petulantiam
812 3623 997 3722 proieltae
1034 3621 1313 3701 maledicentiae

437 3723 527 3827 quid
547 3722 731 3803 refrenare
751 3722 891 3830 pollet?
926 3729 1016 3806 Dixi
1038 3725 1084 3804 de
1110 3753 1156 3805 eo
1183 3734 1314 3805 conui-

1215 3855 1311 3909 ·v10

226 3990 340 4280 Ὗ
433 4042 438 4049 υ
477 3946 727 4040 *Quintilianus
745 3965 794 4031 lib.
812 3966 853 4034 V.
866 3964 937 4032 Inst.
953 3966 1037 4032 Orat·
1055 3987 1120 4052 cap·
1136 3966 1214 4032 ΠῙ·’
1249 3954 1256 3971 ,
1288 4048 1296 4057 .
1374 3986 1376 3999 '
