3109 4825
441 483 453 494 ’
516 491 963 592 'orssrurnrro
1132 539 1206 618 307
1263 569 1266 580 .

320 700 450 801 suerit,
476 697 775 801 intelligeremus.
831 701 927 775 Nam
944 715 981 776 et
999 704 1138 802 antiqui
1157 704 1209 780 il..

318 800 522 880 lius·moris
551 809 729 880 memoria
758 801 961 903 expetenda
991 803 1050 878 eit
1131 808 1201 884 Sed
1259 871 1261 876 .
1309 822 1311 830 '
1386 894 1390 912 Ι

321 906 422 1005 quod
437 910 692 1006 Hieronymus
708 903 753 980 ad
768 904 960 982 Chronica
979 905 1140 1006 Eusebii,
1163 929 1206 986 et.
1315 936 1318 942 ’

319 1006 548 1108 Augustinus
566 1008 627 1082 lib.
641 1009 732 1082 Vlll.
749 1005 978 1084 Confession.
1001 1008 1113 1109 (Cap.
1130 1012 1200 1115 ll.)

307 1128 442 1204 ¹narrat
459 1109 505 1185 de
518 1109 664 1186 duobus
679 1109 756 1184 aliis
772 1108 936 1184 eiusdem
958 1128 994 1185 et
1016 1111 1201 1190 conditio·
1333 1125 1335 1136 '

310 1220 398 1313 nis,
425 1229 463 1288 et
476 1213 636 1311 ordinis,
661 1229 698 1287 et
715 1220 855 1313 gentis,
883 1229 919 1287 et
937 1219 1078 1313 ingenii
1095 1221 1198 1317 viriS,

317 1315 493 1393 Arnobio
524 1333 562 1391 et
591 1314 800 1393 Vitiorino:
831 1323 1038 1415 cogitemus
1064 1315 1198 1413 fastum

318 1445 465 1518 quoque
480 1415 550 1494 elle
571 1417 618 1493 de
645 1417 822 1494 Caecilio.
875 1421 994 1494 Immo
1020 1444 1111 1497 vero
1133 1415 1198 1510 hic

318 1522 501 1598 Caecilius
513 1519 667 1619 satetur,
695 1518 786 1620 sese,
802 1517 1196 1621 posteaquamintelle-

266 1681 281 1720 ,s
316 1630 388 1722 xit,
420 1623 506 1723 quid
526 1649 606 1700 non
627 1619 670 1697 sit
693 1649 781 1700 vera
808 1623 960 1723 religio,
993 1623 1197 1706 desiderare
1238 1619 1240 1632 '

314 1728 614 1826 intelligentiam,
631 1732 906 1826 cognitionem,
928 1724 1196 1809 institutionem
1228 1721 1243 1748 ⁵
1302 1768 1306 1830 j

312 1830 501 1931 religionis
523 1854 657 1923 uerae,
699 1855 780 1905 eam
802 1855 894 1908 vero
920 1826 1129 1908 catechesm
1152 1838 1195 1912 in
1296 1843 1300 1854 '
1389 1913 1392 1918 ,

313 1930 410 2006 diem
431 1930 644 2032 sequentem
665 1930 767 2007 suillo
798 1931 969 2007 reieslam
1003 1935 1195 2011 Minucius
1205 1945 1232 1997 θ’
1323 1995 1331 2028 ,

283 2032 443 2109 scribit.
511 2033 581 2109 Sed
602 2052 704 2109 tanto
727 2042 844 2134 magis
874 2033 1007 2136 dolen,
1042 2037 1195 2115 alteram
1316 2033 1328 2102 .'

310 2136 409 2210 hanc
433 2133 621 2234 scholam,
644 2162 737 2235 quae
759 2140 969 2212 Minuciani
993 2137 1075 2212 libri
1098 2146 1193 2238 opti·
1312 2189 1314 2196 ·

310 2266 371 2314 rna
388 2254 423 2313 et
438 2244 598 2313 maxima
611 2262 691 2337 pars
706 2234 842 2336 suisset,
857 2263 938 2313 non
953 2238 1087 2313 editam
1102 2239 1191 2317 effe:

309 2317 436 2417 saltem
457 2366 539 2418 non
562 2339 709 2435 exstare.
771 2342 867 2414 Nam
889 2365 1012 2439 neque
1037 2339 1119 2418 satis
1139 2341 1192 2420 est

309 2442 435 2519 salsum
449 2442 638 2541 refellere,
655 2466 786 2519 verum
801 2450 909 2517 etiam
924 2442 1060 2518 docere
1076 2470 1191 2546 opor·
1314 2490 1316 2547 j

309 2562 378 2622 tet:
405 2562 446 2621 vt
463 2564 511 2646 et,
529 2544 615 2645 quid
630 2571 710 2622 non
726 2540 785 2636 tit,
812 2563 848 2619 et
862 2544 947 2643 quid
961 2542 1191 2635 litDeus'aut

308 2649 442 2748 religio
477 2666 692 2750 exponatur.
740 2645 811 2722 Sed
827 2648 1061 2723 benehabct:
1085 2648 1190 2748 quod

307 2749 371 2826 hic
392 2708 653 2851 desideramus,
692 2746 824 2849 sarcire
849 2750 967 2850 potest
990 2749 1189 2852 Augustini
1310 2761 1317 2783 “

306 2854 462 2929 liberale
491 2854 741 2930 Cuteclrr'znndr'r
755 2852 915 2951 rudibus,
942 2859 1005 2952 qui
1028 2871 1064 2929 ct
1086 2855 1189 2955 leges
1218 2860 1222 2871 '
1338 2870 1340 2877 '

307 2974 345 3037 et
369 2956 566 3047 formulam
587 2963 720 3034 veteris
741 2953 977 3033 catecheseos
998 2957 1185 3058 eleganter

306 3057 491 3138 describit:
531 3078 568 3137 et
597 3056 790 3160 quomodo
818 3055 862 3133 fit
886 3057 1069 3159 agendum
1097 3060 1185 3137 cu'm
1247 3096 1249 3101 ·
1281 3067 1283 3073 ’
1327 3088 1329 3099 ·

306 3160 484 3239 desiiset
512 3165 695 3260 litteratis,
740 3167 848 3236 etiam
871 3180 1018 3236 monet:
1046 3188 1186 3262 neque

306 3263 509 3340 dislimilem
524 3269 684 3341 Minucii
702 3281 819 3339 aetate
841 3263 953 3340 credo
973 3262 1184 3343 catechelln

300 3365 428 3467 fuisse,
456 3368 570 3445 ethis
593 3388 742 3468 quoque
763 3366 991 3468 temporibus
1014 3388 1093 3443 non
1116 3369 1183 3446 ob-

303 3470 439 3546 seruari
452 3477 577 3547 miror.
630 3473 734 3544 luuat
750 3486 892 3568 autem,
920 3486 961 3559 vt
977 3469 1184 3548 Caecilium

302 3573 508 3650 audiuimus
560 3571 812 3649 accusatorem
848 3587 883 3649 et
924 3570 1181 3669 aduersarium,
1226 3584 1228 3589 ’

301 3674 405 3753 nunc
421 3678 531 3753 rebus
550 3673 737 3753 conuersis
760 3674 918 3775 spedare
946 3675 1183 3773 catechume-

301 3804 404 3856 num.
458 3779 751 3857 ·Catechumeni
775 3795 867 3854 tunc
895 3785 1003 3854 etiam
1027 3777 1182 3877 appella»
1242 3790 1247 3806 “
1310 3872 1313 3877 ,

275 3880 435 3996 girantur
455 3882 650 3983 auditores,
685 3882 747 3969 vel
755 3878 963 4062 ύιαάὶεηιεπ,
976 3874 1103 3991 *sicuti
1121 3902 1182 4055 1,ex

358 3998 362 4005 “
435 4004 439 4011 ·
822 3992 873 4062 n'
1053 4006 1118 4060 mu
1134 3986 1181 4059 tis
