3109 4825
443 523 446 530 ’
539 527 961 648 urssuurnrro.
1129 548 1199 638 εει

321 718 579 823 Reprehensus
596 719 783 799 Caecilius
800 717 942 817 fremit,
964 734 1001 794 et
1013 733 1202 819 tamquam
1226 801 1232 810 ,
1318 769 1321 780 -

298 871 304 884 ·
322 832 482 911 irritatus
495 830 656 924 grauiter
675 819 1033 908 iuChrilh'anorum
1055 824 1205 924 religio·

322 952 412 1002 nem
426 927 633 1008 inuehitur:
666 924 841 1024 suamque
863 920 968 999 simul
987 922 1207 1026 superstitio·

324 1054 414 1104 nem
442 1026 663 1130 defendebs‚
691 1027 893 1118 Oilauium
914 1027 1030 1105 veluti
1056 1025 1205 1107 laceffit.

283 1175 287 1180 ·
326 1129 402 1207 Seu
412 1130 626 1232 imprudens
639 1138 796 1209 incurrit
810 1137 851 1205 in
868 1127 1114 1206 aduersarium
1130 1128 1206 1208 for-

325 1250 403 1310 tem
418 1252 455 1309 et
470 1259 611 1314 aerem:
642 1252 701 1334 et,
733 1251 776 1312 vt
792 1238 812 1278 i
827 1234 889 1308 ille
914 1240 981 1331 ait,
992 1229 1130 1338 fragili
1152 1261 1207 1311 cu-

318 1340 418 1440 pient
437 1336 558 1414 illidere
568 1336 714 1437 dentem,
736 1334 875 1443 tqlregtt
886 1330 1006 1446 ſsrlido.

285 1447 314 1540 s
333 1493 354 1516 ·,
379 1438 533 1518 Caullae
554 1438 664 1518 status
684 1466 765 1518 nou
786 1465 884 1520 vnus
908 1433 982 1516 est.'
1022 1437 1209 1518 Caecilius
1232 1515 1245 1548 ,-

328 1548 431 1620 varie
447 1559 483 1620 et
509 1540 661 1622 confuse
684 1549 759 1643 agit
775 1540 821 1619 de
835 1541 977 1620 multis.
1028 1542 1220 1632 Oibauius,

328 1645 504 1748 pleraque
520 1663 557 1722 et
570 1644 720 1747 depellit
735 1643 812 1722 sola
828 1642 1074 1745 inficiatione,
1102 1664 1139 1739 et
1152 1671 1211 1738 re·
1253 1718 1259 1728 r

329 1765 479 1847 torquet
493 1746 583 1828 iusta
598 1754 910 1850 reeriminatione.
948 1745 1143 1847 Quaedam
1154 1756 1212 1826 in·-

331 1877 453 1952 genue
474 1849 692 1930 confitetur:
731 1849 794 1928 sed
814 1848 1089 1929 iure-delendit.
1141 1853 1212 1928 ua..

331 1980 405 2054 que
426 1953 759 2056 haecldisceptatio
786 1959 918 2054 partim
938 1952 1042 2056 fatu,
1075 1962 1209 2055 partim

331 2062 422 2133 iuris
452 2055 724 2155 quaestionibus
749 2055 901 2134 constat.
953 2058 1212 2136 Tertullianus

333 2178 461 2257 antea,
499 2176 536 2236 et
560 2176 646 2236 ante
677 2160 954 2236 Tertullianum
986 2159 1140 2237 lustinus
1174 2177 1212 2237 et
1275 2185 1303 2201 ··

334 2260 617 2361 Athenagoras,
641 2285 804 2359 quorum
828 2259 968 2335 exstant
985 2263 1211 2362 apologetici

333 2364 469 2465 libelli,
502 2380 539 2441 et
566 2360 691 2463 postea
712 2361 923 2465 Cyprianus
944 2371 1075 2462 partim
1096 2378 1223 2451 contra¹

336 2469 615 2565 Demetriumum,
641 2471 772 2566 partim
794 2472 834 2540 in
854 2465 981 2561 libello
1004 2466 1215 2553 denuntiata
1239 2500 1245 2511 ·
1360 2480 1364 2491 '

337 2569 518 2667 idolorum,
542 2574 582 2646 et
591 2568 711 2646 multo
721 2565 865 2644 -deinde
886 2575 1002 2667 magis
1019 2566 1215 2649 Arnobius

269 2756 274 2766 Ι
337 2688 447 2771 atque
464 2670 787 2750 Laetanuushanc
805 2666 1244 2772 cauffamegeruntuet·
1298 2746 1303 2755 ,
1341 2726 1344 2731 -

337 2772 391 2853 vsi
419 2775 637 2878 plerumque
660 2771 745 2852 sunt
765 2799 846 2853 non
871 2771 1002 2848 iisdem
1037 2762 1216 2852 modoet

336 2877 523 2956 sententiis
546 2896 582 2955 et
603 2883 850 2979 argumentiS‚
878 2873 940 2952 sed
969 2894 1006 2952 et
1032 2878 1155 2954 verbis
1178 2893 1218 2955 et·

338 2980 522 3059 formulis.
541 3072 545 3078 ‚
575 2983 633 3056 Sic
648 2987 749 3054 enim
769 2987 928 3056 maiores
953 2977 1067 3057 nostri
1086 2978 1217 3056 eadem

267 3098 271 3109 ’
339 3083 385 3160 de
399 3082 549 3197 iisdem,
573 3101 615 3164 vt
627 3083 691 3161 ille
712 3083 804 3161 olim
823 3081 985 3184 dicebat,
1017 3081 1140 3174 dicere
1160 3078 1218 3182 ¹so·
1244 3127 1247 3161 t

338 3187 473 3265 lebant.
533 3224 536 3229 ·
605 3202 608 3207 ’
1189 3252 1210 3261 ,,
1380 3240 1385 3255 t

282 3300 285 3307 '
324 3328 327 3333 ·
391 3288 518 3390 Atque
531 3295 673 3366 vtinam
694 3285 883 3389 posteritas
905 3288 977 3366 tale
1000 3285 1225 3366 obseruallet.
1315 3276 1351 3339 ’-

341 3393 575 3493 exemplum,
600 3388 790 3469 ambitiosa
805 3397 951 3466 nouitas
969 3390 1110 3469 bonam
1128 3398 1220 3468 anti-
1278 3388 1289 3439 ἶ

263 3528 266 3535 ·
337 3503 518 3594 quitatem
533 3520 612 3570 non
625 3490 857 3592 inquiuallet.
891 3495 1011 3571 Velim
1029 3493 1113 3570 sane
1132 3520 1221 3596 apo-

329 3599 461 3698 logias
486 3622 636 3695 eorum‚
662 3621 757 3694 quos
782 3593 876 3695 dixi,
894 3622 981 3672 cum
1001 3597 1077 3675 hoc
1094 3601 1222 3683 Minu·
1348 3602 1350 3606 ’

344 3707 455 3778 ciano
472 3700 599 3777 libello
614 3696 795 3782 conferri:
821 3712 863 3775 vt
877 3700 990 3778 alium
1001 3726 1105 3777 nunc
1118 3724 1222 3775 oom-
1301 3760 1304 3771 .

338 3861 342 3871 .
651 3831 655 3837 ¹
776 3802 853 3901 Sq-
1121 3824 1227 3882 men-
1265 3830 1272 3840 ·

337 3968 340 3975 .
388 3930 703 4007 *Horatium-11.
717 3936 816 4023 satyr.
835 3955 861 4012 1.
931 4004 933 4011 ,
1066 3972 1069 3979 ·
1204 3964 1207 3971 ·
1348 3930 1351 3935 ’
