3109 4825
579 491 833 570 INDEX
885 493 928 568 n

312 684 478 757 statuerat,
501 689 594 766 atque
612 673 685 745 hihc
696 683 740 744 fa·
819 679 936 744 Canum
944 682 1029 746 vultu
1038 684 1108 756 deos
1122 687 1198 752 arlo

311 770 413 833 bulam
434 771 473 830 de
494 765 632 830 mastatis
649 768 738 830 aBu-
771 763 888 828 rabant
913 766 1061 850 Aegyptii
1088 778 1194 858 2859.

310 852 398 916 siride
444 853 613 935 hospitibus
658 853 738 935 apud
772 851 872 931 qualis
894 869 957 913 erat
979 854 1108 922 Anubis.

311 938 447 1002 Graecos
467 939 620 1019 originem
643 937 737 1019 cepis·
818 934 923 999 Conna
941 936 992 1009 26,
1018 957 1044 1001 1.
1075 940 1196 1021 ignobi-

309 1023 350 1088 se.
386 1023 498 1108 Vofflur
514 1024 551 1082 de
563 1022 735 1106 Origidol.
769 1019 809 1081 lis
835 1021 966 1102 Apuliae
1000 1024 1108 1097 vicns,
1144 1024 1217 1088 sed.

309 1107 374 1171 Lib.
392 1107 418 1171 I.
438 1127 503 1189 cap.
520 1125 569 1188 30.
769 1106 984 1185 magnitudine
1025 1108 1123 1172 cladis
1161 1131 1196 1172 e-

768 1187 880 1252 merfit.
917 1190 1025 1254 Florus
1045 1194 1079 1256 L.
1102 1193 1194 1268 Ino,

354 1275 614 1360 C.Caelar26‚3.
641 1277 733 1341 Hunc
771 1292 819 1355 15.
861 1311 863 1316 ·
965 1289 967 1296 ’
1080 1284 1089 1308 ’-

308 1365 443 1446 primum
457 1365 667 1426 Romanorum
678 1384 733 1425 im·
812 1357 970 1423 Gaurana
980 1378 1030 1445 29,
1041 1371 1070 1444 7'.
1086 1362 1194 1434 vexil·
1283 1377 1285 1382 '

308 1462 483 1530 peratorem
547 1450 732 1528 Augustum,
766 1444 797 1506 la
819 1446 905 1517 lunt,
940 1467 1018 1528 quae
1042 1467 1107 1510 non
1124 1459 1194 1512 tao·

307 1533 433 1614 Epicuri
453 1533 732 1615 placitasequutum
765 1540 833 1592 tum
863 1531 968 1592 colore
995 1525 1141 1596 militibus
1159 1555 1201 1596 ew

308 1616 377 1691 ess'e,
397 1620 485 1680 multi
504 1618 674 1700 perhibent,
689 1620 732 1681 al·
765 1625 834 1677 rant
862 1636 916 1696 pro
942 1614 1043 1697 signo,
1077 1618 1127 1681 sed
1157 1627 1193 1694 et
1238 1639 1252 1662 ‘·
1330 1627 1334 1647 ¹

306 1704 419 1783 legatis
437 1706 467 1764 in
487 1723 555 1766 eam
573 1702 731 1765 remlocis
765 1702 899 1764 carmine
919 1700 969 1763 seu
996 1703 1121 1764 nomine
1137 1699 1192 1768 ali-
1247 1717 1253 1728 “

305 1787 422 1872 Sallust.
448 1790 486 1849 de
499 1789 533 1851 B.
545 1787 578 1850 C.
599 1786 669 1869 Cap.
679 1788 729 1850 LI.
765 1805 828 1868 quo
853 1785 994 1867 inscripta
1023 1786 1191 1853 cantabant

307 1872 449 1935 Suetonio
467 1874 499 1934 in
517 1873 642 1936 Caesare
657 1873 729 1955 Cap.
764 1870 827 1932 fiae
839 1865 1046 1951 significabant
1065 1871 1125 1935 inis
1136 1873 1192 1937 ali-
1310 1931 1313 1942 ‚

306 1957 388 2021 LIX.
423 1973 456 2019 et
482 1957 637 2021 LXXXI..
675 1957 731 2021 Cic.
766 1956 839 2037 quid
875 1957 953 2036 grati
986 1967 1019 2019 et
1053 1959 1189 2027 iucundi.
1229 2033 1232 2042 Ι

307 2044 347 2102 de
373 2041 476 2110 Diuin.
507 2042 540 2103 L.
567 2042 605 2104 Π.
630 2064 656 2105 c.
681 2060 730 2120 24.
765 2039 913 2101 Cantobra
923 2043 1026 2103 omnia
1036 2056 1122 2106 erant
1132 2063 1190 2110 ve-

308 2126 369 2190 Sed
387 2124 541 2188 strenuum
559 2125 667 2196 nefins
688 2126 731 2189 est
763 2124 859 2185 xilla:
885 2127 933 2186 sed
947 2146 1010 2187 non
1020 2131 1123 2189 omnia
1132 2150 1191 2192 ve-

307 2210 497 2272 defensorem
515 2212 547 2272 in
564 2212 600 2272 P.
613 2211 729 2283 Baelio,
764 2208 843 2269 xilla
861 2222 946 2269 erant
957 2213 1105 2275 cantabra.
1117 2215 1189 2275 Ter-

307 2296 360 2379 qui
375 2293 532 2357 Caesarem
555 2296 587 2356 in
612 2294 730 2357 Diano-
764 2291 827 2352 tull.
849 2293 885 2352 ad
910 2294 1061 2357 Nationes
1090 2298 1115 2370 Ι,
1140 2313 1188 2361 12.
1350 2349 1352 2356 .

306 2382 392 2443 nario
411 2381 453 2442 ita
462 2380 608 2454 defendit,
629 2392 667 2444 vt
683 2381 729 2444 in·
808 2374 931 2458 Capella
950 2382 1056 2444 nutrix
1073 2398 1187 2458 21,10.
1293 2405 1295 2410 ·
1321 2436 1324 2453 .
1389 2434 1392 2445 .

306 2464 465 2529 fidelitatis
496 2476 527 2526 et
552 2466 729 2547 scepticismi
763 2482 795 2526 v.
810 2460 985 2528 Amalthea.

307 2552 435 2613 crimine
459 2552 491 2612 in
516 2551 666 2632 religione
691 2553 750 2626 n,
807 2546 924 2629 Caper,
946 2547 1081 2632 decapro
1096 2549 1188 2616 atlta-
1223 2544 1245 2605 '-

305 2635 408 2707 beret,
432 2636 488 2697 sed·
504 2638 671 2718 impietatis
695 2638 728 2698 in
761 2634 841 2695 mina
878 2635 969 2697 nrixti
997 2634 1043 2699 dii
1076 2645 1126 2714 28,
1155 2644 1186 2716 8.
1226 2642 1229 2649 '

306 2721 375 2784 vita
392 2731 517 2803 arguat,
540 2742 600 2804 qua
616 2723 728 2804 impul·
760 2719 823 2780 Pan
838 2720 877 2781 sc.

305 2805 371 2879 sus,
411 2808 595 2890 religionem
633 2809 727 2870 ambi·
807 2804 995 2886 Capitolium,
1020 2806 1050 2880 6,
1076 2823 1106 2886 ψ
1131 2826 1185 2871 arx

304 2892 385 2955 tioni
405 2891 645 2977 postponendam
669 2894 727 2957 dn·
759 2890 793 2952 in
809 2911 885 2973 rupe
903 2891 1044 2973 Tarpeia,
1068 2890 1184 2957 dinan
1295 2926 1297 2931 ·
1318 2948 1322 2953 .

264 2974 270 2987 ⁸
304 2978 393 3039 xerit.
432 2968 440 2985 ⁸
526 2983 531 2991 “
761 2978 863 3057 capite
913 2977 976 3039 Toli
1015 2977 1183 3041 cuiusdam.
1200 3006 1219 3025 ·
1347 3022 1354 3029 -

352 3060 519 3125 Calamitas
570 3060 726 3146 disciplina
761 3060 944 3125 Freiurlmn.
963 3063 999 3125 ad
1013 3062 1093 3125 Flor.
1115 3080 1183 3145 ιη,
1206 3068 1213 3079 “

303 3146 429 3209 uirtutis
446 3152 496 3228 36,
511 3155 540 3223 8.
761 3152 791 3219 8.
807 3147 917 3211 obsessa
925 3168 978 3231 per
987 3145 1093 3217 Gallos
1101 3148 1184 3257 It'lor.
1199 3146 1202 3153 ’

340 3252 438 3327 ‘Cata'
446 3262 619 3348 sacerdotes
633 3281 684 3338 21,
695 3282 725 3348 7.
763 3248 928 3397 1ἚέΆῶ
944 3316 990 3382 dii
1010 3335 1049 3404 25
1079 3337 1096 3401 ς

259 3466 263 3489 Ι
304 3367 337 3417 V'
355 3349 415 3447 [β’
805 3363 1180 3483 Capitaioumim’molota.

347 3481 497 3548 Camillus.
509 3488 526 3563 (
532 3486 577 3548 M.
596 3484 724 3562 Furius)
760 3492 811 3571 28²
822 3494 851 3562 8.

304 3585 402 3652 5,13.
446 3572 531 3633 Nihil
542 3572 724 3652 praeclarius
805 3571 915 3636 carcar
944 3572 1050 3654 plenus
1078 3575 1183 3660 genti-¹
1253 3570 1257 3579 ’
1297 3568 1316 3617 -’

303 3655 410 3737 elogio
427 3657 490 3730 ino,
515 3657 597 3740 quod
614 3655 724 3717 dehoc
758 3656 830 3720 lium
851 3676 901 3738 35,
926 3673 959 3737 7.
1124 3720 1126 3724 .

301 3739 420 3802 sommo
437 3741 602 3806 virofecit
616 3741 725 3806 Liuius
802 3740 950 3807 Carmina
1013 3744 1180 3809 Poetarum
1319 3780 1325 3821 ι

301 3824 375 3902 VII,
396 3842 455 3912 1‚9
756 3836 861 3892 uocant
892 3844 944 3908 aa,
963 3847 992 3894 1.
1039 3886 1041 3891 .

352 3962 355 3969 .
404 3906 442 3969 ⁵.
561 3948 564 3955 ·
787 3934 790 3939 ’
1075 3910 1180 3998 Castor·
1261 3903 1270 3921 ’

1212 4096 1387 4288 e
