3109 4825
448 470 1030 616 avenarioisrnuu
1111 447 1184 606 ³2⁸5
1292 591 1295 599 ἢ

301 720 402 795 ram,
418 669 610 797 confugit.
664 669 863 797 Quocirca
887 675 981 800 cum
1002 689 1183 796 Dioscorus
1253 679 1257 696 ⁸

290 797 410 875 'hastis
432 795 507 874 s1ue
533 802 614 900 pilis
638 798 682 874 ad
713 795 968 874 decursionem
990 798 1104 897 vulgo
1130 824 1184 873 ar·
1244 839 1246 848 ·

301 909 395 977 mari
428 900 552 1001 sciret,
584 928 674 977 veru
702 903 777 979 hoc
812 927 856 977 ex
884 899 966 976 rudi
993 918 1029 975 et
1050 898 1182 977 obtuso
1242 927 1244 932 ’

301 1003 401 1079 serro
418 1010 459 1077 in
473 1025 645 1080 verutum
661 1003 808 1105 cuspide
825 1003 1007 1105 spicauit,‘
1021 1020 1058 1077 et
1071 1008 1186 1077 inter-
1215 1079 1217 1084 ,
1293 1053 1296 1060 ·

303 1106 580 1208 polatadidiion
646 1108 850 1207 ittpnaudent,
875 1110 1076 1208 retinentque
1090 1131 1182 1205 veru,

305 1208 351 1284 de
383 1207 469 1308 suo,
495 1213 569 1309 quo
582 1133 779 1311 vollebat,
810 1216 963 1310 ingenio
991 1205 1184 1307 procudit,

303 1339 418 1410 eaque
450 1314 558 1390 lectio
580 1312 712 1388 exinde
747 1314 938 1414 plerasque
957 1317 1185 1387 recentiores

303 1414 485 1493 editiones
508 1414 647 1491 insedit,
726 1420 893 1491 Tantum
918 1441 1009 1491 vero
1042 1411 1182 1510 absum,

305 1544 387 1593 eam
404 1535 445 1594 vt
459 1520 634 1619 probem,
661 1536 702 1595 vt
725 1538 857 1596 contra
876 1516 1032 1618 priscam
1054 1534 1091 1593 et
1120 1541 1185 1616 ge-

303 1624 457 1695 nuinam
473 1621 661 1724 mordicus
676 1629 770 1696 tueri
789 1648 870 1698 non
886 1620 1071 1719 dubitem,
1097 1644 1186 1704 cum

303 1729 357 1799 rei
372 1719 479 1824 ipsius
495 1723 766 1825 perspicuitate,
791 1741 870 1799 tum
886 1742 1054 1800 veterum
1070 1722 1184 1798 libro-

304 1848 388 1901 rum
417 1827 630 1905 autioritate
658 1826 798 1903 fretus:
845 1834 886 1901 in
916 1826 1046 1926 quibus
1073 1822 1184 1901 facile
1238 1893 1241 1900 .
1303 1869 1305 1878 ·

303 1936 511 2032 principem
524 1928 641 2006 statuo
660 1930 831 2006 codicem
844 1924 1185 2031 praestantissimum
1236 2004 1239 2009 ,

310 2031 351 2107 V
345 2028 488 2122 rimaris
503 2030 746 2130 Bibliothecae,
770 2058 863 2131 quae
888 2059 1005 2144 nuper
1021 2030 1186 2106 Alexan-

306 2129 362 2206 dri
383 2133 534 2233 Septimi
554 2133 799 2233 sapientissimi
820 2134 1008 2210 Pontisicis
1033 2141 1185 2209 immor·
1275 2137 1277 2142 ’
1391 2151 1392 2158 ’

305 2236 369 2309 tali
383 2234 568 2324 beneficio
583 2238 781 2312 Vaticanae
798 2234 962 2328 accessit,
986 2245 1116 2335 inquo
1135 2241 1186 2311 ita
1248 2285 1251 2289 -

306 2336 479 2439 scriptum
494 2344 622 2441 reperi.
675 2341 782 2415 Haec
798 2336 843 2414 ad
856 2341 998 2414 Dianae
1012 2335 1187 2438 Ephesiae

306 2439 465 2541 statuas,
506 2454 756 2541 nummosque
783 2457 926 2518 veteres
955 2438 1187 2517 illustrandos

307 2539 449 2645 scripsi,
475 2560 517 2622 vt
530 2561 657 2622 mutua
674 2542 879 2622 eorundem
895 2570 968 2643 ope
986 2542 1061 2619 duo
1085 2557 1187 2618 vete·

307 2671 393 2722 rum
411 2645 630 2750 scriptorum
645 2649 729 2724 loca
743 2654 865 2721 minus
887 2647 985 2739 rede
1006 2645 1186 2720 hadenus
1243 2651 1259 2687 ·’·
1364 2648 1366 2653 ’

306 2749 490 2831 intellecta
520 2778 540 2827 a
569 2750 796 2828 Criticorum
824 2750 1041 2850 corruptelis
1068 2744 1188 2823 ulndi·

308 2877 451 2931 careni:
475 2871 552 2930 tum
567 2879 658 2931 vero
673 2873 714 2930 vt
732 2852 857 2930 illustri
874 2853 1043 2954 exemplo
1068 2848 1188 2928 osten-
1286 2856 1289 2862 '

310 2954 454 3056 derem,
492 2964 713 3056 antiquitatis
745 2955 901 3031 studium
929 2982 1009 3032 non
1034 2959 1187 3029 metien-

310 3056 399 3133 dum
414 3066 516 3134 inani
531 3059 794 3157 delectatione,
818 3057 878 3135 sed
898 3057 1002 3136 suum
1023 3059 1076 3134 illi
1092 3082 1183 3136 con-

312 3158 402 3239 stare
418 3161 597 3265 fructum,
623 3159 651 3242 sa
664 3163 763 3240 reite
778 3164 932 3240 colatur.
997 3192 1000 3200 ¹

1050 3838 1195 3953 famine
1243 3970 1245 3977 Ι
1329 3840 1372 3927 ’ἶ
