3109 4825
526 528 947 634 o1ssnRTAr1o.
1115 547 1185 631 283
1313 525 1316 546 '

287 718 389 826 ¹stitri
404 719 520 799 libros
535 720 575 797 de
586 724 721 798 ciuitate
734 723 816 823 Dei,
843 719 888 797 ad
902 718 1051 799 otianti
1069 716 1189 822 dispu-

304 832 488 904 tationem
521 825 682 903 multum
711 826 805 903 lucis
832 841 869 900 et
894 820 1097 925 splendoris
1125 822 1188 904 adv
1268 835 1270 840 '

303 933 478 1006 iunxerit
551 929 634 1029 Ego
664 935 705 1003 In
735 926 869 1006 talibus
909 933 1187 1004 commentariis

296 1055 411 1108 nunc
431 1026 680 1108 describendis
702 1057 784 1109 non
810 1030 1051 1138 immorabor.
1115 1027 1186 1124 Se'd

305 1132 469 1214 breuiter
489 1149 635 1210 tantum
665 1132 838 1212 delibabo
861 1125 1042 1234 quaedam
1067 1137 1187 1232 capita

305 1238 516 1332 Minuciani
532 1237 707 1336 libelli,vt
721 1237 897 1316 letiorem
911 1249 1185 1340 praemoneam.
1317 1239 1319 1243 ’

358 1337 544 1418 Caecilius
564 1346 749 1443 principio
776 1338 899 1417 laudat
927 1336 1053 1416 nescio
1075 1362 1187 1437 quam

305 1436 384 1520 siue
408 1440 677 1520 Academicam
695 1432 975 1530 alternandis,
999 1436 1075 1517 siue
1098 1441 1188 1543 Pyr·
1282 1465 1284 1472 ·

304 1546 503 1624 rhonicam
523 1540 668 1641 ἐποχῆν,
692 1540 794 1646 quasi
807 1541 911 1621 nulia
931 1535 1019 1620 e'iset
1037 1543 1187 1644 religio·
1227 1585 1230 1598 ·
1303 1533 1305 1538 ’

303 1655 364 1726 nis
388 1645 557 1726 scientia:
587 1664 625 1724 et
645 1650 825 1751 Epicurea
850 1646 1003 1724 audacia
1024 1652 1185 1747 exagitat
1241 1735 1244 1742 ¹

303 1751 377 1828 Dei
412 1749 704 1855 prouidentiam,
735 1776 852 1928 prope
881 1768 922 1829 vt
941 1749 1004 1827 ille
1024 1752 1045 1792 ἕ
1069 1748 1185 1828 Cotta

303 1853 403 1958 apud
423 1855 651 1933 Ciceronem
674 1861 714 1929 in
750 1855 837 1930 ‘bris
867 1853 912 1929 de
933 1855 1075 1929 Natura
1097 1849 1189 1929 deo-

301 1979 408 2057 rum,
430 1957 610 2036 ottruius
627 1955 900 2058 prouidentiam
915 1953 1095 2032 defendit:
1120 1978 1189 2030 ne-

303 2059 384 2157 que
405 2064 450 2134 iis
483 2065 594 2133 etiam
624 2064 849 2158 argumentis
873 2065 927 2135 vti
951 2055 1186 2157 dedignatur,

303 2159 440 2258 quibus
457 2159 621 2234 Velleius
644 2157 741 2258 apud
763 2158 937 2235 eumdem
958 2158 1185 2236 Ciceronem

303 2258 440 2336 refellit
467 2258 603 2338 Cottae
624 2265 837 2338 vanitatem.
915 2259 1188 2337 Caecilius'ex.

303 2362 525 2467 promebat,
551 2358 781 2442 Christianos
795 2363 900 2460 Deo,
921 2360 1152 2463 vt'quidamf
1169 2407 1186 2429 -

304 2483 368 2566 to,
417 2463 610 2566 addicere,
632 2462 809 2565 quidquid
832 2469 952 2565 agitur
985 2473 1186 2567 geriturue.

304 2568 389 2647 Abs
416 2569 537 2646 verbo
561 2570 663 2668 Fati,
702 2564 844 2645 tametli
875 2564 1007 2646 odioso
1032 2586 1187 2669 propter
1298 2630 1300 2637 .

302 2666 459 2774 ineptias
478 2673 712 2770 Stoicorum,
737 2675 802 2771 qui
816 2696 862 2771 ea
875 2695 975 2749 voce
986 2671 1201 2748 abuteban-'

302 2790 383 2874 tur,
409 2801 490 2853 non
512 2773 688 2852 abhorret
702 2772 897 2854 Oflauius.
934 2772 1017 2862 ¹Sed
1036 2774 1185 2875 longio-

286 2901 383 2954 vrem
402 2903 446 2954 ea
466 2876 516 2954 de
536 2903 578 2955 re
592 2875 888 2980 ‚disputationem
910 2883 951 2952 in
976 2875 1075 2955 aliud
1092 2894 1185 2953 tem-

301 3005 372 3083 pus
395 2987 533 3079 reiicit,
559 2998 596 3057 et
615 3007 702 3057 eum
723 2981 841 3058 veluti
859 2978 1055 3081 scopulum
1077 2996 1184 3055 caute

291 3081 449 3184 refugit.
508 3085 604 3161 Sane
630 3086 889 3185 Hieronymus
916 3091 958 3160 in
984 3081 1186 3182 Catalogo,

301 3202 341 3262 et
357 3185 402 3262 ad
415 3189 599 3288 Magnum
614 3183 739 3288 (epist.
754 3187 982 3288 LXXXIV.)
1005 3183 1101 3262 tellis
1118 3181 1184 3284 est,

302 3287 501 3390 quemdam
518 3287 563 3365 de
579 3287 657 3368 fato
671 3289 807 3365 librum
821 3289 914 3365 olim
928 3292 1103 3365 Minucio
1127 3293 1186 3362 in-

335 3420 352 3441 ἢ
597 3387 603 3393 ’
1009 3389 1210 3494 scriptum

344 3511 364 3551 *
384 3503 581 3588 Transpofitu
604 3518 638 3572 et
651 3525 727 3569 con·
760 3504 988 3587 prouidentiam
1001 3504 1185 3588 impugnat:

301 3591 368 3655 fusa
394 3591 558 3655 vocabula.
589 3589 623 3655 C.
643 3593 727 3654 enim
761 3591 813 3656 cui
840 3589 876 3652 C.
887 3589 999 3662 Cotta,
1021 3589 1186 3655 Academi·

301 3674 457 3753 Velleius,
478 3676 608 3750 senator,
623 3676 727 3740 estille
761 3696 836 3748 cus,
874 3674 1034 3756 respondet
1066 3697 1084 3736 a
1119 3693 1184 3754 cap.

300 3760 497 3844 Epicureus,
544 3760 595 3832 tio.
626 3762 652 3825 Ι.
691 3759 727 3822 de
760 3758 917 3824 iiloXXI.
944 3759 981 3820 ad
996 3758 1091 3822 finem
1106 3756 1184 3819 libri.

306 3846 395 3910 Orat.
413 3866 479 3928 cap.
494 3846 551 3915 VI.
584 3848 638 3931 qui
656 3846 727 3909 inde
761 3844 850 3912 Adde
867 3846 992 3911 initium
1005 3844 1085 3910 libri.
1100 3842 1143 3909 ll.

299 3931 341 3997 eb
358 3931 444 4003 VIII.
463 3932 617 4021 capitead
638 3930 728 4001 xxi.
886 3936 889 3943 ’
