3109 4825
372 535 375 546 ·
466 461 833 608 oernvrva.
1050 531 1098 607 61
1188 483 1192 492 ’

204 705 369 794 eertum
387 714 514 815 sortis,
558 730 595 791 et
617 712 646 791 st
667 741 748 794 non
770 739 902 793 omnes
929 714 954 756 ¹⁵
973 735 1100 817 opera,

226 816 453 895 conscientia
464 835 590 893 tamen
603 825 738 918 pariter
757 816 901 893 incesti:
924 825 1100 916 quoniam

227 935 323 1006 voto
335 918 593 998 uniuersorum
617 926 818 1022 appetitur,
843 919 1016 1019 quicquid
1042 946 1103 997 ac·

192 1029 195 1034 '
229 1019 352 1098 cidere
383 1018 501 1122 potest
528 1029 569 1095 in
581 1021 672 1098 'adiu
693 1017 932 1123 singulorum.
982 1019 1157 1099 MultaX.

228 1140 422 1226 praetereo
460 1122 640 1201 consulto.
677 1133 765 1200 nam
802 1141 839 1199 et
872 1124 965 1199 haec
993 1130 1102 1201 nimis

229 1227 348 1303 multa
368 1224 470 1325 sunt,
503 1231 596 1327 quae
618 1243 680 1303 aut
700 1232 827 1306 omnia
878 1243 941 1303 aut
960 1227 972 1258 ¹
989 1228 1105 1327 plera-

196 1383 202 1395 ·
229 1354 304 1430 que
318 1334 486 1405 omnium
499 1354 586 1405 vera
601 1327 811 1431 deelaratip
828 1355 885 1406 rus
900 1353 1036 1431 prauae
1050 1354 1106 1405 re·
1132 1395 1138 1406 .

228 1434 379 1533 iigionis
393 1428 606 1510 bbseuntas.
662 1432 741 1512 Cur
761 1439 898 1507 etenim
915 1432 1140 1510 occultarea

230 1553 269 1611 et
308 1532 555 1635 abscondere,
595 1537 613 1570 ²
633 1533 811 1636 quidquid
836 1532 926 1611 illud
961 1535 1105 1636 colunt,

229 1662 455 1740 magnopere
479 1646 667 1739 nituntur,
723 1665 814 1714 uum
841 1631 994 1718 hon'esta
1013 1636 1105 1713 sern-

228 1765 295 1842 per
308 1740 459 1850 publico
477 1738 679 1841 gaudeant,
698 1664 842 1818 dcelera
859 1738 998 1817 secreta
1013 1735 1105 1820 sint?

228 1844 322 1919 ³eur
349 1841 469 1919 nullas
502 1870 581 1921 aras
613 1845 777 1944 habent,
818 1844 953 1945 templa
988 1844 1105 1946 nulla,
1201 1843 1206 1864 '

228 1947 355 2025 ⁴nulla
379 1964 471 2024 nota
495 1941 715 2050 ‘stmulaera3
749 1972 953 2049 numquam
982 1948 1105 2050 palam

988 2052 1106 2152 loqui,

228 2271 230 2276 λ
275 2211 313 2284 15
337 2209 449 2287 opera]
478 2203 587 2267 Lettio
605 2204 649 2266 sa·
730 2199 922 2288 aperirique&
948 2198 1024 2264 iilud
1059 2221 1106 2266 co-
1230 2263 1232 2268 ,

222 2305 287 2362 pra,
313 2289 418 2367 qdam=
436 2308 500 2348 non
525 2288 653 2354 debebat
686 2287 772 2371 luup]
794 2308 929 2351 nnvu.
952 2287 1107 2349 rescribit:

231 2368 278 2437 Cl.
295 2394 350 2434 HE
361 2393 426 2443 vru.
444 2371 603 2443 felicitare,
620 2381 653 2433 et
672 2367 836 2457 'quidquid
848 2370 923 2434 itud
935 2370 989 2456 ιβ,
1027 2366 1109 2455 quod

230 2457 395 2521 rescribere
420 2475 516 2536 opere.
544 2476 653 2517 crea:-
688 2456 793 2518 colunt.
834 2457 912 2518 Mihi
934 2455 1009 2518 titud
1023 2458 1109 2537 pleo-
1218 2476 1224 2481 ·

212 2563 288 2608 ‚uo
313 2540 349 2603 de
369 2539 445 2625 Offiu
477 2559 504 2614 1,
526 2556 576 2621 35.
601 2539 655 2602 Li·
688 2541 801 2603 nastice
826 2540 949 2605 videtur
974 2538 1033 2604 etse
1050 2559 1108 2621 po-

235 2625 317 2688 beris
343 2623 417 2690 dara
447 2646 591 2708 operam,
621 2642 655 2687 rr
688 2622 791 2689 fitum.

234 2707 384 2795 Ironestum
399 2713 454 2796 est,
477 2708 656 2773 nominent-

203 2861 209 2875 ,
227 2793 376 2881 scurnum.
393 2819 438 2859 PL
448 2818 537 2860 Avr.
557 2794 662 2858 Mara
734 2813 751 2876 3
774 2791 940 2875 curfiullar
963 2791 1110 2860 araria-

234 2883 460 2963 4‚5‚10.P0t
483 2880 569 2946 haud
591 2900 656 2943 cen·
689 2879 781 2963 irent]
804 2880 958 2964 Adeoque
972 2882 1010 2943 de
1022 2881 1110 2945 sacri·
1255 2930 1258 2945 ,

180 2994 182 2999 ’
213 2986 216 2992 ·
228 2965 344 3051 fidum,
362 2967 656 3053 istarumoperarum
687 2964 761 3030 ficio
780 2962 890 3050 Mrffaa
909 2968 946 3028 iis
963 2968 1111 3050 tempori·
1233 3002 1236 3007 ·

237 3048 429 3136 cffrpatrem.
464 3070 467 3077 ·
521 3054 536 3093 ’
688 3054 746 3118 bus
761 3054 861 3116 altum
875 3050 1038 3115 silentiurn

283 3218 462 3308 rp'leruqur
502 3227 655 3310 omnium]
700 3220 858 3304 -4nulla
890 3215 963 3288 nora
986 3221 1111 3308 stmula-

233 3317 271 3372 ‘w
282 3330 381 3372 orn:
393 3309 538 3394 pleraque
546 3313 657 3384 omnia,
672 3306 674 3312 ’
691 3328 745 3373 rra
755 3308 789 3391 ἓ]
832 3307 913 3373 Vota
948 3329 1003 3392 pro
1035 3322 1111 3374 nota

239 3398 285 3465 vti
297 3393 433 3478 plerique
454 3414 554 3458 omnes
578 3395 658 3478 apud
691 3392 878 3459 scribendum
887 3395 1013 3459 videtur
1028 3415 1111 3458 urc.
1221 3413 1225 3431 ·

210 3500 213 3515 ·
240 3499 508 3545 rnnuurrvn
531 3492 564 3545 et
589 3502 659 3543 uu-
692 3477 1027 3562 amnem-Aduers.
1045 3477 1115 3542 Lib.

238 3583 395 3631 Porum.
455 3584 660 3639 anvarnu-
696 3563 822 3647 1.·Cap.
851 3571 897 3642 18.
920 3586 949 3648 p.
976 3571 1044 3647 185.
1070 3562 1116 3628 At

240 3668 341 3712 uvs:
363 3649 510 3734 pleraque
530 3650 659 3716 'omm'nn-
678 3650 737 3713 ‚nii
766 3653 956 3716 mutandum.
1008 3650 1115 3713 innuit

240 3734 329 3816 Ego,
352 3735 406 3799 vel
430 3737 590 3818 inligatam
610 3756 660 3797 re·
695 3737 854 3810 emunire,
877 3733 1063 3799 'Christianos
1079 3733 1116 3794 fi·

241 3814 419 3895 tenendam,
447 3822 503 3884 vet
529 3822 661 3887 omnium
695 3822 872 3899 mulacrum·
881 3822 1020 3903 aliquod,
1034 3816 1118 3900 quod

242 3905 404 3971 delendum
421 3917 509 3991 puto.
550 3970 554 3975 ,
658 3968 662 3975 ,
696 3903 812 3982 colunt,
834 3907 993 3986 sedvutgo
1009 3905 1120 3983 incog-

1006 3988 1119 4057 tritum.
