3109 4825
423 475 425 482 ’
555 469 976 620 mssurrrnrro
1130 534 1216 638 Ιαπ

328 720 431 794 rum,
458 695 589 795 quibus
611 698 750 773 Decius
774 714 836 773 aut
860 698 1076 773 Valerianus
1098 702 1215 800 impe-
1257 697 1259 702 ’
1292 775 1294 780 ,
1335 701 1337 708 '

328 806 435 874 rauit.
510 801 610 873 Bene
636 825 728 877 vero
752 800 880 876 habet:
929 798 1212 900 Iurisconsultis,
1341 879 1345 892 ,

329 926 490 1000 quorum
521 900 568 978 de
595 907 674 977 iure
708 904 811 980 ciuili·
835 900 1006 1004 responsa
1042 902 1211 1002 legimus,

327 1028 409 1079 non
425 1001 542 1080 solum
559 1002 603 1079 ab
617 1006 965 1106 religionealienis,
988 1003 1048 1080 sed
1074 1023 1110 1079 et
1133 1010 1211 1081 eius

331 1111 518 1181 acerrimis
543 1105 781 1209 aduersariis,
824 1104 1024 1185 succefliffe
1051 1105 1211 1183 christia-

328 1234 421 1284 num
447 1205 703 1285 causl'rdicum:
739 1229 776 1287 et
794 1210 884 1286 illud
904 1206 978 1301 ¹sure
998 1208 1121 1287 sorum
1136 1207 1211 1285 siue

318 1312 531 1412 collegium
546 1312 655 1389 Rom.
678 1330 788 1415 togae
809 1313 917 1414 atque
940 1312 1210 1412 aduocationis,
1240 1401 1245 1408 ,
1287 1353 1290 1362 f
1319 1308 1336 1338 “

328 1413 432 1513 quod
448 1433 503 1492 tot
513 1421 588 1489 iam
603 1422 709 1492 annis
735 1414 972 1518 conspersum
996 1414 1114 1492 suerat
1130 1413 1211 1490 san-

328 1524 441 1618 guine
458 1533 495 1592 et
516 1519 701 1594 cineribus
722 1527 870 1620 piorum
887 1521 1106 1617 hominum,
1128 1534 1210 1593 tan-

327 1618 412 1694 der.
439 1619 635 1719 aliquando
657 1647 755 1700 voce
776 1639 814 1699 et
841 1620 1001 1723 vestigiis
1024 1618 1209 1698 christiani

328 1728 524 1825 iurisperiti
543 1730 730 1830 expiatum
753 1737 862 1826 atque
885 1720 1173 1804 consecraturus
1193 1769 1210 1785 -
1244 1747 1247 1754 ·

324 1821 398 1901 ille.
452 1824 646 1925 Arnobius
678 1827 926 1929 libroprimo
949 1829 1147 1928 gloriatur,
1173 1841 1210 1902 et

328 1946 495 2004 oratores
510 1946 547 2005 et
567 1928 866 2030 iurisconsultos,
893 1931 1057 2031 magnis,
1084 1948 1125 2005 vt
1147 1934 1209 2028 ait,
1313 1995 1321 2016 ,
1367 2022 1369 2026 ¹

328 2036 488 2128 ingeniis
511 2030 718 2131 praeditos,
744 2029 917 2108 transiisse
941 2031 986 2107 ad
1007 2025 1227 2108 ecclesiam.x
1299 2039 1301 2044 ’
1345 2032 1351 2044 ‘

328 2128 455 2206 Credo
490 2130 682 2229 equidem,
726 2158 842 2230 quum
874 2132 912 2207 id
942 2132 1136 2229 scriberet,
1162 2130 1209 2207 de

328 2235 503 2311 Minucio
525 2245 614 2320 eum*
631 2230 697 2308 suo
731 2230 916 2331 cogitasse.
967 2234 1110 2308 Multos
1131 2238 1209 2308 eius
1339 2269 1341 2278 ·

329 2332 470 2412 ordinis
503 2328 649 2408 fortasse
689 2357 884 2409 numerare
923 2338 988 2409 vix
1026 2329 1208 2435 potuisset.
1320 2349 1323 2356 '
1368 2345 1371 2352 '

330 2436 401 2513 Sed
433 2440 593 2511 Minucii
608 2498 614 2507 .
628 2451 752 2511 tamen
783 2437 992 2536 exemplum
1029 2433 1209 2535 quosdam

327 2534 502 2639 sequutos
518 2533 733 2616 essecredo:
757 2555 799 2614 vt
813 2555 849 2614 et
857 2541 1047 2617 Minucius
1066 2536 1207 2634 habuit,
1262 2616 1264 2621 ,

329 2666 427 2742 quos
446 2647 486 2715 in
508 2639 642 2717 eodem
667 2639 783 2717 stadio
806 2638 1025 2741 sequeretur.-
1074 2639 1209 2714 Saltem

311 2747 586 2847 -Hieronymus
607 2742 652 2819 ad
666 2747 877 2844 Magnum,
907 2744 973 2822 vbi
995 2744 1209 2829 Minucium
1248 2788 1251 2793 -
1373 2804 1376 2819 .

328 2845 469 2947 laudat,
503 2853 675 2922 meminit
688 2845 863 2924 -duorum
887 2847 1078 2931 Romanae
1107 2844 1210 2920 vrbis

320 2949 557 3048 senatorum,
580 2949 779 3052 Hippolyti
802 2967 840 3025 et
858 2947 920 3050 Ap
948 2949 1099 3045 ollonii,
1121 2951 1209 3044 qui,

320 3067 373 3131 'vt
386 3071 422 3129 et
437 3060 534 3127 inter
548 3049 744 3153 scriptores
758 3046 890 3129 ecclesi
943 3044 1235 3130 ‘cosreserren-¹
1337 3114 1359 3150 ·.

330 3173 408 3257 tur,
431 3161 552 3231 meriti
568 3151 646 3230 smt.
697 3152 801 3254 Qrid
817 3152 939 3231 dicam
949 3154 994 3230 de
1004 3154 1076 3231 illo
1091 3156 1112 3194 ³⁶
1125 3154 1212 3229 Vet-

330 3267 384 3341 tio
399 3257 590 3360 Epagatho
601 3255 860 3358 Lugdunensi,
885 3259 1055 3358 quiolim
1070 3274 1106 3333 et
1118 3254 1212 3349 mul-

330 3361 540 3462 tisquidem
566 3377 650 3436 ante
667 3363 879 3437 Minucium
900 3367 1005 3437 annis
1030 3379 1066 3435 et
1087 3357 1155 3436 fuit
1175 3372 1214 3446 et
1248 3408 1250 3413 -
1382 3372 1384 3378 '

295 3472 465 3569 partim
482 3469 732 3566 ignominiae,
757 3469 890 3564 partim
912 3465 1069 3570 honoris
1096 3457 1214 3663 ffldffi
1269 3540 1271 3547 ,
1309 3541 1314 3549 ,
1360 3537 1362 3547 ,

319 3590 324 3603 ·
595 3588 600 3602 ’
668 3605 675 3616 ·
763 3569 832 3664 S3
1175 3578 1216 3639 vt

290 3822 292 3827 Α
375 3696 536 3831 *lllprtyr
569 3738 758 3821 Lugdunen-
791 3740 829 3803 Ε.
845 3738 895 3803 lib.
912 3739 954 3807 V.
971 3757 1039 3820 cap.
1048 3737 1073 3801 Ι.
1099 3731 1230 3802 etGre··
1303 3796 1309 3803 .

286 3873 290 3878 -
327 3824 372 3888 'fis
390 3824 441 3888 sub
459 3826 501 3887 llll.
520 3824 660 3888 Antonio
678 3834 711 3887 et
723 3825 757 3892 L.
793 3845 861 3909 gon
888 3820 1076 3888 Turonensis
1108 3820 1158 3882 lib.
1188 3815 1214 3879 Ι.
1272 3886 1278 3892 .

299 3982 302 3987 ,
333 3909 431 3979 Vero.
455 3908 565 3985 Testes
581 3909 695 4003 ,Euseb
717 3911 757 3975 Η.
793 3908 1010 4011 ειμΧΧΙΧᾏ
1160 3916 1162 3921 ’

1052 4076 1059 4098 r
1146 4040 1321 4101 ‘'l'stt·

1077 4175 1082 4182 “
1152 4076 1280 4228 ἰὶΙ

1009 4290 1023 4304 N
