3109 4825
477 471 967 641 “DrssnRTATso
1065 573 1067 580 -
1137 547 1205 639 3¹?

327 709 459 816 [fferre
479 707 658 809 venstatis.
691 712 733 785 L.
753 711 883 816 XVJH.
907 706 1003 787 Cod.
1027 707 1066 782 de
1091 708 1213 809 issam.
1306 735 1308 742 ·

285 825 288 830 '
328 817 530 913 Quamque
548 810 592 886 de
612 809 749 892 finibus
772 829 808 887 et
824 810 954 886 ordine
975 812 1212 912 gubernatio·
1314 849 1318 866 =

328 924 387 989 nis
403 910 664 990 ecclesiastieae
679 931 928 1014 quaereretur,
955 913 1131 990 auditam
1147 917 1217 989 Ni-

329 1043 427 1093 ceno
444 1017 608 1094 coneilio
624 1015 674 1092 est
695 1018 756 1092 ilia
772 1043 866 1096 vox:
890 1038 942 1093 ΤΑ
966 1037 1107 1094 nexam
1132 1015 1237 1093 eorr'

328 1135 534 1195 KPATEITo.
597 1120 711 1195 Nulla
739 1137 865 1196 tamen
897 1117 966 1195 suit
996 1116 1213 1218 superstitio

329 1245 421 1320 quae
441 1228 747 1323 intemperanter,
776 1238 884 1321 atque
907 1229 1132 1323 impotenter
1152 1245 1214 1296 vr·

329 1340 452 1423 geret,
486 1325 587 1423 quod
618 1325 842 1425 reipublicae
871 1322 963 1400 salus
995 1321 1212 1422 repudiaret.

328 1429 374 1504 Et
396 1443 438 1503 vt
458 1424 633 1528 sapientes
662 1425 933 1527 iurisconsulti,
979 1426 1043 1502 vbi
1069 1423 1114 1499 de
1137 1441 1215 1500 ma·

328 1526 541 1628 gistratuum
561 1537 641 1605 iure
663 1529 823 1630 quaestio
844 1527 949 1628 effer,
976 1533 1136 1629 grauiter
1157 1552 1214 1603 re-

328 1630 577 1731 spondebant,
611 1659 691 1709 non
718 1629 837 1709 solum
866 1630 886 1705 s
907 1629 1102 1707 ediandum
1130 1628 1215 1730 effe,

329 1732 418 1834 quid
437 1736 578 1811 Romae
593 1734 729 1810 sadum
750 1732 811 1836 sit,
835 1659 1022 1810 sedetiam
1049 1731 1136 1833 quid
1149 1730 1215 1808 fie-

284 1889 287 1910 .
328 1842 361 1911 ri
376 1835 514 1913 debeat.
567 1841 667 1939 Lege
691 1837 913 1915 duodecima
934 1835 971 1912 u‘e
994 1835 1072 1941 offic.
1094 1830 1215 1939 Praefl

329 1940 389 2013 Sic
417 1947 527 2015 etiam
560 1940 719 2041 spediare
751 1940 945 2039 debemus,
979 1964 1059 2015 non
1090 1937 1243 2042 solum·

328 2040 418 2139 quid
448 2049 606 2118 maiores
635 2042 748 2119 nostri
777 2042 954 2141 fecerint,
984 2041 1045 2118 sed
1077 2059 1115 2116 et
1137 2067 1214 2142 quo

329 2159 520 2243 tempore,
553 2163 589 2220 et
615 2143 735 2243 quiue
760 2145 999 2242 conditione,
1034 2170 1107 2243 qua
1129 2142 1214 2219 fini:
1236 2216 1238 2220 .

301 2271 453 2345 -neque
492 2255 573 2321 non
614 2244 816 2319 meminisse
861 2272 1009 2345 quoque
1052 2262 1215 2345 oporteg

283 2407 285 2429 ,
330 2345 433 2448 qnod
450 2348 510 2422 lex
526 2346 705 2448 quaedam
719 2364 868 2446 monet,
893 2372 973 2422 non
994 2363 1070 2421 tam
1082 2373 1217 2423 exem-

329 2451 400 2552 plis
416 2477 527 2549 quam
549 2450 690 2551 legibus
718 2444 959 2526 iudicandum
982 2446 1062 2523 esse.
1116 2451 1218 2555 Ergo

331 2552 429 2630 facio
445 2553 696 2653 perlubenter,
722 2570 763 2630 vt
776 2570 813 2629 et
833 2549 1154 2653 iurisprudentiam
1180 2565 1219 2627 et

331 2653 543 2732 historicam
567 2655 797 2733 coniundiim
822 2671 884 2731 aut
902 2655 1049 2754 colam,
1072 2670 1136 2729 aut
1152 2650 1221 2729 sal-

331 2775 408 2834 tem
423 2757 619 2845 colendam
635 2757 706 2835 effe
728 2756 834 2860 saepe
858 2754 1047 2859 profitear:
1079 2774 1116 2833 et
1139 2761 1220 2855 qui-

331 2860 418 2937 dem
448 2880 639 2962 utramque
660 2868 700 2936 in
722 2880 883 2963 utroque
909 2884 1065 2961 genere,
1089 2860 1221 2934 huma-

330 2990 465 3042 narum
480 2964 567 3043 dieo
581 2983 619 3041 et
632 2964 841 3053 diuinarum
863 2989 1007 3063 rerum,
1032 2957 1107 3036 siue
1130 2967 1221 3036 ciui-

330 3069 423 3142 lium
453 3085 490 3145 et
513 3064 848 3145 ecclesiasticanim.
900 3069 998 3157 Nam
1036 3081 1222 3140 erearum

323 3170 576 3272 ‚intelligentia
599 3189 707 3272 atque
740 3176 921 3247 memoria
945 3169 1057 3245 talem
1081 3169 1222 3244 horum

332 3269 537 3351 studiorum
561 3273 868 3350 eoniundtionem
890 3278 1056 3369 requirit:
1100 3288 1169 3370 vt,
1195 3266 1223 3346 fi

333 3374 510 3452 Tiberius
540 3382 742 3476 imperator
771 3375 872 3453 redte
892 3373 1089 3472 iudicauit,
1128 3373 1225 3448 mili-

311 3484 450 3555 'tarem
477 3476 707 3583 disciplinam
733 3476 864 3582 (quod
886 3484 935 3554 ait
959 3482 978 3520 ⁴*
1001 3478 1225 3580 Suetonius)

771 3585 813 3660 U
836 3611 862 3681 4
1176 3605 1241 3656 ex1

374 3757 393 3797 *
431 3753 607 3819 Suetonius
655 3755 765 3819 Tiber.
802 3755 965 3840 uerfionum
989 3763 1018 3818 et
1042 3752 1226 3838 ignominia-

331 3855 408 3919 cap.
442 3838 529 3903 XIX.
568 3836 769 3925 Disciplinam
803 3861 872 3904 rum
894 3839 1057 3923 generibus
1082 3859 1121 3901 ex
1145 3836 1228 3901 anti-

333 3925 615 4023 aterrirqwxegit,
628 3922 771 3991 animad-
804 3925 925 4010 quitate'
943 3923 1091 4006 repetitis.
1185 3992 1187 3997 ,
1318 4004 1320 4009 Α
