3109 4825
450 526 532 622 316.
663 459 672 478 ⁵
709 503 1041 597 'irrisioni
1102 623 1108 634 ⁸
1161 543 1163 548 ·

168 685 172 692 ¹
258 681 262 686 Ι
449 712 627 809 tiquitatis
652 713 820 808 cognitio
845 706 889 783 ad
917 705 1099 807 reliquum
1125 730 1238 783 omne
1263 701 1346 781 l’tu-¹

426 810 599 889 ·diorum
636 836 754 912 genus
785 810 1013 909 ornandum,
1047 808 1338 910 augendumque

451 907 614 1018 praestet.
667 914 767 992 Cum
781 921 881 988 enim
895 914 992 991 reste
1006 911 1211 1010 iudicares,
1236 912 1337 986 nihil

445 1026 492 1094 in
505 1019 679 1092 Veterum
693 1014 832 1117 scriptis
851 1036 924 1093 tam
945 1014 1161 1114 abstrusum,
1187 1034 1248 1091 aut
1270 1015 1341 1091 ob-

452 1118 598 1196 scurum
617 1115 847 1219 delitescere,
873 1126 962 1219 quin
980 1120 1104 1194 lucem
1130 1119 1290 1216 aliquam
1317 1143 1340 1194 a

452 1221 579 1328 priscis
596 1229 848 1299 monumentis
863 1230 1022 1298 mutuari
1044 1218 1172 1323 possit,
1198 1246 1242 1296 ea
1270 1220 1340 1295 tibi

456 1323 577 1406 caussa
598 1325 686 1426 suit,
720 1352 787 1402 cur
808 1326 1080 1422 Bibliothecae,
1106 1349 1218 1423 quam
1241 1325 1341 1398 cele-

454 1430 654 1506 berrimam
674 1427 886 1527 instruxisti,
925 1448 1092 1505 veterum
1116 1426 1339 1525 tabularum,

348 1601 351 1606 .
456 1527 667 1634 signorum,
692 1529 971 1631 numismatum,
1002 1548 1038 1606 et
1054 1529 1341 1630 inscriptionum

454 1633 737 1736 suppelleslilem
776 1632 966 1735 copiosam
1005 1632 1240 1726 adiunxeris3
1294 1648 1337 1709 vt

457 1738 666 1815 uniuersam
693 1736 856 1813 eruditae
877 1743 1100 1837 antiquitatis
1119 1741 1340 1812 memoriani

457 1839 657 1918 doctorum
709 1842 906 1917 hominum
946 1841 1064 1917 oeulis
1104 1837 1336 1940 spessandam

458 1941 666 2044 subiiceres.
742 1945 852 2018 Nunc
888 1968 968 2019 rem
995 1940 1108 2044 ipsam
1138 1940 1338 2044 cognosce.

459 2045 614 2121 Nummi
652 2060 793 2121 veteres
829 2048 971 2122 Dianae
1007 2043 1183 2147 Ephesiae
1220 2040 1342 2145 effigie

459 2142 612 2246 signati,
639 2171 798 2245 quorum
813 2150 1018 2226 nonnullos
1032 2148 1185 2225 tabellae
1214 2145 1344 2222 adiun-

461 2247 539 2324 ‹stae
563 2248 756 2348 exhibent,
789 2274 878 2326 eoa
908 2249 1029 2328 statuis
1059 2255 1258 2326 Menetre‘ii
1286 2255 1344 2323 in·

459 2347 593 2428 dustria
629 2347 816 2452 produslis
854 2350 1054 2451 differunt,
1089 2350 1192 2453 quod
1221 2354 1342 2428 Deam

460 2476 704 2533 mammarum
725 2454 891 2555 pondere
905 2446 1080 2533 'onustam
1107 2454 1234 2533 fulcris
1264 2460 1345 2555 qui·
1372 2539 1379 2545 ,

459 2554 617 2633 busdam
634 2555 708 2633 siue
722 2556 889 2658 destiius,
917 2585 1011 2659 quos
1026 2557 1208 2658 scipiones
1222 2555 1345 2634 nodo-

374 2662 378 2669 ’
460 2658 522 2738 sos
541 2658 749 2761 existimeS,
776 2669 947 2760 utrinque
974 2660 1168 2762 subrigant.
1219 2663 1344 2758 anue

461 2770 514 2841 in.
531 2789 571 2838 re
606 2771 657 2840 ita
693 2764 900 2840 constanter
929 2763 1164 2840 consentiunt
1195 2787 1342 2862 omnes,

294 2868 299 2875 ’
409 2893 411 2898 ’
463 2882 650 2968 quotquot
664 2866 760 2965 vidi,
789 2865 864 2942 vidi
882 2885 1004 2942 autem
1021 2892 1128 2965 quam
1149 2867 1345 2967 plurimos,

462 2988 505 3045 vt
521 2964 752 3045 simulacrum
772 2965 966 3069 Ephesium
990 2970 1080 3045 olim
1105 2968 1239 3046 eodem
1264 2993 1347 3045 mo-

463 3070 515 3149 do
549 3069 737 3148 suffultum
767 3068 870 3147 suiise
902 3079 1060 3149 omnino
1088 3069 1347 3147 affirmandum

462 3194 601 3276 putem.
653 3176 785 3274 Neque
805 3201 897 3252 vero
916 3201 959 3251 ea
977 3173 1022 3251 de
1038 3202 1079 3251 re
1096 3201 1167 3252 nos
1180 3174 1348 3253 dubitare
1376 3191 1379 3195 “

465 3280 642 3379 permittit
655 3279 798 3352 slsinucii'
813 3278 926 3355 Felicis
948 3275 1173 3354 eruditissuni
1194 3264 1348 3378 scripto-

465 3385 517 3455 ris
548 3379 677 3479 locuS,
717 3380 781 3459 vbi
811 3384 951 3458 Dianae
990 3377 1163 3483 Ephesiae
1199 3377 1348 3481 lignum

465 3488 638 3558 mammis
679 3484 803 3560 multis
855 3483 1090 3585 verubusque
1140 3482 1350 3561 extrusum

465 3604 747 3663 commemorat.
801 3585 870 3662 Sed
882 3595 921 3662 in
934 3586 1001 3666 isto
1017 3590 1105 3665 loco
1134 3603 1351 3687 peruerten-

465 3686 518 3765 do
541 3687 767 3766 Criticorum
803 3715 960 3767 acumen
987 3688 1141 3767 mirifice
1170 3688 1350 3773 haslenus

464 3790 541 3868 sese
562 3799 742 3869 exercuit:
767 3792 860 3870 adeo
876 3792 1044 3894 quidem,
1070 3809 1133 3893 vt,
1148 3789 1216 3867 nisi
1230 3789 1352 3870 vindi-

470 3902 550 3973 ciae
565 3921 611 3973 ex
625 3896 727 3975 libris
743 3911 783 3973 et
796 3904 1049 4005 monumentis
1065 3902 1223 3999 antiquis
1237 3919 1354 3996 opor„

468 4032 471 4037 ·
834 4022 836 4027 ·
1099 4058 1104 4072 .
1261 4014 1354 4076 tune
