3109 4825
282 461 323 600 J
391 429 959 596 Ltcrrjrrorsrrrtrr.
1039 445 1172 586 ψ..
1254 509 1260 516 ·
1325 505 1329 512 ·

220 667 406 770 ¹consensu
424 669 654 749 censuerunt.
704 668 811 747 Vnde
830 670 976 762 faiium,
998 688 1040 750 vt
1051 688 1108 752 tot

224 778 355 852 summi
390 793 427 852 et
460 774 766 876 iamparabiles
796 779 866 856 viri
899 772 944 849 ad
970 799 1108 854 vocem

224 881 336 958 iiiamx
350 877 644 979 interpolandarn
665 883 831 952 certatim
850 874 1106 977 conspifltint.

225 985 306 1083 Ego
317 1005 408 1058 vero
420 979 590 1058 aduersus
607 987 841 1062 coniuratum
857 1005 991 1080 agmen
1004 1006 1106 1057 verua

226 1083 290 1161 ista
313 1079 414 1170 aratra
445 1090 578 1172 vitium
606 1080 676 1158 effe
703 1078 865 1181 affirmo,
899 1106 1012 1181 eaque
1031 1107 1104 1161 nec

226 1189 367 1264 Dianae
381 1182 574 1287 Ephesiae,
600 1210 671 1262 nec
688 1186 839 1260 Minucio
860 1183 1106 1264 subtrahenda

226 1287 415 1391 pertendo.
454 1291 549 1366 Nam
563 1315 665 1363 verua
681 1288 788 1387 haec,
804 1289 933 1389 quibus
945 1290 1105 1366 Dianam

215 1391 330 1468 suam
366 1387 594 1467 exstruebant
629 1387 798 1493 Epheiii‚
829 1418 914 1467 rrorr
944 1392 1018 1491 pila
1044 1408 1107 1468 aut
1184 1461 1188 1470 .

228 1513 356 1571 veruta
370 1493 470 1593 sunt,
496 1492 557 1568 sed
590 1492 769 1570 fulmenta
789 1493 906 1570 ferrea
928 1495 1106 1594 oblonga,

228 1624 319 1697 quae
357 1598 516 1673 brachiis
551 1593 732 1698 supposita
772 1615 888 1674 totam
913 1596 1106 1678 mammoii

226 1699 382 1801 pettoris
401 1701 541 1777 molem
571 1698 801 1786 sustinebant.
879 1700 975 1778 Cum
1003 1669 1142 1778 enim!
1196 1733 1225 1786 ,’
1275 1715 1278 1728 ’

227 1799 512 1902 antiquifflmunr
537 1803 614 1880 hoc
645 1798 790 1903 ignum
820 1800 866 1878 ad
895 1800 1105 1903 Aegyptio-

226 1930 309 1980 rum
331 1902 606 1998 fimuiacrorum
635 1905 743 1981 instar
766 1903 920 2006 pedibus
944 1903 1030 1980 estet
1050 1930 1106 1980 ar-
1225 1929 1227 1936 ’

227 2008 284 2082 tre
306 2005 540 2107 compress'rS,
588 2009 728 2082 tantilla
758 2005 847 2083 baiis
882 2006 1106 2109 superimpo-

229 2107 297 2184 fito
319 2117 485 2208 corporis
510 2108 665 2207 ponderi
691 2105 846 2185 ferendo
873 2118 1008 2210 impar,
1042 2109 1104 2186 ad„

228 2212 412 2286 minictrlis
434 2208 672 2285 suffulcienda
695 2210 783 2305 fuit3
803 2215 947 2310 ¹quibus
970 2212 1106 2288 subtra-

231 2312 298 2389 tiis
318 2310 525 2390 vrriuersam
554 2313 693 2388 molem
716 2312 879 2390 fatiscere
911 2333 948 2388 et
969 2315 1105 2390 collabi
1151 2321 1154 2336 '

228 2414 414 2493 necessum
428 2434 513 2490 erat.
565 2419 616 2492 Ea
627 2415 744 2505 fulcra
763 2413 838 2507 {rue
852 2416 1102 2518 sustentacula,

229 2519 332 2620 quod
362 2542 408 2603 ex
444 2517 543 2594 ferro
582 2520 730 2621 longius
770 2518 1104 2619 produihaffent,

228 2618 398 2699 Mirirrcitrs
433 2629 581 2722 propria
616 2640 652 2698 et
686 2623 845 2723 eleganti
875 2650 971 2699 voce
1003 2648 1105 2697 verua

207 2724 341 2825 arm,
363 2751 445 2801 non
467 2723 662 2825 sequioris,
700 2748 776 2825 quo
800 2733 911 2824 vixit,
942 2723 1002 2801 ted
1025 2723 1106 2807 Aue

228 2828 366 2929 gustaei
390 2826 523 2905 saeculi
548 2828 652 2906 vsurn
673 2826 827 2905 secutus.
879 2831 976 2904 Nam
1011 2822 1107 2930 Glos-

218 2930 350 3036 starium
378 2933 540 3008 Latinum
573 2939 733 3032 optimae
761 2952 893 3032 notae,
935 2929 1035 3030 quod
1064 2938 1106 3005 in

228 3035 344 3111 tribus
394 3033 634 3112 vetustiffimis
677 3033 869 3111 codicibus
920 3037 1117 3111 Vaticanis¹
1159 3044 1161 3049 ’

228 3155 470 3236 extat„verua
490 3144 604 3236 virgas
627 3151 658 3212 et
679 3137 830 3236 virgulas
838 3136 972 3240 ferreas
994 3144 1107 3213 inter-

226 3259 399 3353 pretatur.
474 3243 633 3339 Eamque
663 3241 947 3339 explicationem
977 3266 1106 3317 veram

229 3370 273 3420 ac
290 3352 488 3445 genuinam
505 3340 572 3417 effe
593 3369 650 3418 res
665 3341 740 3442 ipsa
754 3369 814 3418 me
829 3343 975 3420 docuit:
1000 3351 1106 3420 cuius

227 3455 339 3523 etiarn
355 3472 457 3521 nunc
473 3462 508 3519 te
525 3442 725 3521 meminiffe
742 3447 915 3546 arbitror,
932 3451 1106 3522 Eminen-

227 3549 357 3627 tissinre
374 3546 597 3646 Cardinalis,
610 3547 721 3648 *quod
736 3556 838 3625 iuxta
854 3577 1001 3627 mecum
1015 3576 1107 3626 ocu-

225 3653 272 3728 lis
289 3679 370 3729 earn
385 3653 477 3730 olim
495 3649 735 3752 vsurpaueriS.
776 3650 881 3728 Anni
899 3661 998 3727 enim
1012 3648 1107 3748 sunt,

228 3763 268 3835 ni
288 3755 414 3857 fallor,
448 3752 681 3858 quindecim,
707 3781 795 3857 =curn
817 3753 1028 3832 lesuitarum
1048 3750 1107 3827 so·

997 3861 1109 3935 cietas
1242 3930 1247 3941 ,
