3109 4825
440 545 493 618 90
647 525 834 621 emunita
854 530 1062 632 oglerium,

439 703 668 811 abneganda,
692 717 887 792 detestanda
901 716 938 791 dr
955 669 1261 817 deserendaprrai·

440 827 496 886 tus
512 814 570 905 sit,
592 844 664 917 quo
679 819 778 891 huius
792 814 938 893 thesauri
952 817 989 889 dr
1002 822 1112 915 psenae
1126 822 1256 931 myste-
1271 892 1273 896 .

432 918 484 993 ,rii
496 921 619 1017 glorie
632 927 804 1020 particeps
817 921 995 1002 reddatur.

262 1112 406 1229 {testudo
492 1115 583 1219 er
609 1128 658 1201 ita
681 1143 902 1225 comparante
924 1124 996 1214 est,
1024 1148 1105 1199 eum
1125 1128 1270 1199 oeulos]

261 1230 389 1297 emm·
440 1229 565 1300 mentis
587 1226 632 1299 ad
647 1222 752 1303 solem
768 1231 887 1326 gratiae
911 1245 1121 1303 conuertere
1140 1249 1244 1323 opor·

440 1340 510 1414 tet,
537 1327 668 1400 vtnihis
685 1328 745 1400 nisi
770 1356 895 1399 1⁸va
916 1354 1133 1400 cunrsrvm
1153 1351 1246 1400 eum·

436 1441 514 1524 que.
527 1431 730 1502 crucifixum
747 1427 831 1503 scire
847 1426 984 1527 cupiat,'
1007 1430 1106 1527 quod
1121 1424 1249 1504 scillcet

440 1533 555 1602 omnis
568 1534 752 1626 plenitudo
766 1532 917 1607 Deitatis
932 1536 969 1605 in
983 1527 1057 1629 ipso
1071 1542 1250 1627 appareat,

438 1630 541 1727 quod
557 1647 718 1709 eternam
739 1634 993 1709 redemtionem
1018 1631 1249 1730 acquifiuerin

440 1730 480 1803 ὃ(
495 1738 613 1806 omnia
638 1740 744 1811 totius
766 1736 908 1824 mundi,
935 1728 1111 1831 speciatim
1131 1733 1250 1805 nostra

310 1843 314 1852 '
428 1827 606 1927 ipsorum,
621 1854 764 1933 peccata
777 1831 942 1933 sanguine
951 1832 1011 1907 suo
1020 1830 1170 1931 persedie
1187 1834 1251 1906 de·

438 1937 575 2008 seueris.
629 1934 743 2034 Quod·
757 1937 860 2010 Pater
871 1962 936 2036 pen
959 1931 1068 2033 ipsum
1089 1939 1251 2009 reconci-

436 2037 541 2107 liatus
555 2042 744 2137 animaeque
764 2062 886 2113 amore
909 2032 1108 2111 in'ffliosuo
1131 2041 1270 2114 incen-¹

408 2165 411 2169 ’
438 2130 494 2211 sus
519 2136 583 2229 sit,
625 2141 724 2240 quod
750 2164 873 2215 omnes
897 2140 1012 2216 adhuc
1037 2139 1270 2223 adhaerentes¹

435 2240 652 2318 infirmitates
674 2246 846 2339 patienter
865 2247 1035 2331 tolerare,
1061 2237 1252 2340 quassatam

427 2342 642 2419 'arundinem
664 2368 739 2417 non
766 2339 985 2444 perfringere
1009 2366 1125 2443 neque
1146 2339 1251 2415 sumi·

323 2513 325 2518 .
437 2467 526 2544 gans
555 2446 768 2551 ellychnium
798 2447 1016 2546 exstinguere
1032 2450 1139 2519 velit.
1191 2444 1249 2519 Eu

435 2546 509 2620 hoc
523 2547 661 2624 filialem
678 2545 832 2648 spiritum
845 2549 994 2638 hauriri,
1009 2572 1152 2623 omnem
1164 2571 1249 2621 moe·

435 2649 579 2740 rorem,
600 2650 789 2741 decoram,
819 2674 977 2750 omuque
994 2674 1106 2723 omne.
1121 2654 1158 2721 in
1173 2653 1248 2721 vus«

434 2749 580 2827 neribus
603 2755 695 2824 iliius
719 2753 904 2850 demergi,
938 2779 957 2824 a
982 2747 1139 2824 soeditate
1167 2773 1248 2848 pec·
1277 2822 1281 2833 ,

436 2869 599 2927 catorum
616 2856 741 2926 oculos
762 2854 928 2928 auerti&
944 2858 979 2925 in
996 2855 1133 2928 dulcem
1151 2856 1247 2951 quie·

437 2967 510 3028 tem
526 2978 567 3031 ac
579 2977 704 3052 pacem
719 2951 936 3028 conscientie
951 2958 1127 3053 penetrari
1136 2977 1248 3051 opor·
1263 3024 1267 3031 ,

383 3095 385 3099 ·
436 3069 500 3131 tet.
550 3056 600 3133 Et
616 3056 691 3130 haec
704 3062 823 3130 omnia
843 3057 916 3130 fieri
933 3057 1060 3155 paresl
1080 3079 1159 3128 curn
1176 3059 1264 3145 seni

435 3152 559 3258 spiritu
582 3158 651 3232 stne
672 3163 782 3231 musta
801 3152 1049 3256 disceptatione
1071 3179 1150 3230 cum
1169 3152 1247 3230 sub·

438 3258 633 3334 orientibus
646 3257 910 3358 cupiditatibus,
934 3277 998 3349 vt,.
1011 3262 1167 3361 quamuis
1182 3261 1247 3330 im·

437 3377 539 3460 petus
554 3387 674 3437 earum
688 3385 761 3436 non
776 3363 885 3434 statim
899 3367 1084 3460 comprimi
1100 3358 1246 3460 possint,

437 3466 559 3539 animo
581 3468 723 3563 patienti
743 3459 985 3553 &transuersa
1003 3459 1093 3536 sacie
1117 3467 1247 3536 intuea-

436 3588 519 3639 mur
539 3570 792 3666 tranquissaque
814 3567 883 3641 tide
900 3590 981 3640 cum
1006 3589 1187 3636 cantero
1211 3569 1247 3636 in
1276 3597 1281 3605 2

339 3715 343 3724 ·
439 3663 530 3753 sosio
543 3667 645 3772 ipstus
661 3668 912 3750 consideamus.
962 3666 1015 3759 Ita
1031 3665 1265 3745 iustitiasm.

1149 3784 1249 3857 vato

188 4054 510 4241 ,Ἰ
