3109 4825
534 421 539 438 t
619 409 629 443 l

469 541 660 625 chne
685 542 1026 621 norst—Exn.
1113 567 1186 642 317

305 753 396 814 tune
421 732 574 831 dentur,
600 730 751 833 posthac
768 729 916 812 ‘futinus
939 726 984 807 stt
1006 729 1188 828 intestabi-

306 842 362 915 lis.
413 839 507 912 Rem
538 838 669 911 elarius
692 836 859 936 explicO,
885 851 943 932 vt,
962 859 1073 933 quam
1095 833 1154 909 inf
1172 883 1188 899 -

263 942 425 1032 „liciter
452 938 547 1014 Felix
569 939 613 1014 ab
641 936 844 1015 editoribus
867 954 1061 1038 exceptus,
1085 938 1189 1034 habi-

308 1062 441 1144 tusque
466 1040 592 1139 fuerit,
624 1048 770 1143 penitus
795 1038 1038 1141 perspiciatur.
1089 1042 1193 1115 Prin-

309 1171 396 1247 ceps
426 1146 594 1221 Romana
619 1143 732 1221 editio
767 1169 789 1219 a
818 1141 945 1219 Fausto
973 1143 1114 1219 Sabaeo
1145 1139 1192 1219 ad

310 1252 476 1324 Vaticani
493 1245 633 1323 codicis
647 1244 759 1323 fidem
770 1261 968 1347 procurata
984 1252 1034 1321 ita
1048 1247 1190 1347 locum,

263 1353 268 1366 '
310 1377 421 1451 quem
437 1349 535 1449 dixi,
562 1350 725 1427 exhibet:
762 1350 883 1423 Diana
910 1352 1040 1423 interim
1062 1345 1103 1449 est
1126 1348 1194 1423 alte
1287 1367 1296 1384 ²

301 1451 465 1560 succidito
492 1456 665 1533 benonim
703 1465 734 1527 et
761 1450 904 1554 Ephcfia
936 1455 1084 1539 mammis
1112 1437 1195 1526 mid-

266 1629 270 1646 ,
312 1562 355 1633 tis
375 1570 406 1631 et
426 1553 564 1634 verubus
585 1554 750 1640 extrudm
781 1568 825 1636 et,
844 1554 879 1629 T
873 1557 962 1629 riuin
988 1558 1085 1629 trinis
1105 1557 1197 1657 capi-
1222 1551 1226 1565 ’

312 1658 400 1735 tibus
413 1673 445 1733 ct
469 1657 579 1733 ntnltr't
601 1656 751 1734 trionibus
773 1657 938 1758 bombico.
992 1657 1043 1732 lt‘a
1060 1658 1195 1759 triplex
1282 1743 1286 1758 ,

311 1768 422 1840 vnius
443 1764 585 1837 Dianae
607 1787 749 1836 numen
772 1767 894 1859 notis,
922 1756 1105 1860 fignisque
1131 1777 1195 1862 pe·'

312 1859 510 1943 collaribus
538 1882 708 1940 accurate
729 1889 775 1938 ex
796 1860 961 1954 fabulosa
989 1862 1198 1939 Gentilium

312 1968 506 2067 theologia
535 1965 693 2042 distinxit
717 1964 880 2042 eruditus
910 1964 1074 2067 scriptor„
1126 1968 1197 2042 Le·

314 2070 478 2146 dlionem
507 2075 646 2167 primae
672 2067 844 2144 editionis
873 2068 1043 2169 religiose
1078 2067 1199 2145 serua-
1255 2105 1264 2114 ’

314 2179 368 2249 vit
399 2164 627 2270 Bahleenhs,
659 2187 696 2245 et
722 2168 1044 2271 Heidelbergenhs
1069 2173 1197 2249 Franc.
1269 2193 1272 2198 ·

314 2272 502 2365 Balduini3
551 2288 631 2347 tum
661 2273 832 2348 Romana
857 2273 1066 2373 posterior,
1106 2299 1202 2376 quae

299 2391 363 2454 'ex
399 2375 518 2452 Fuluii
541 2369 659 2449 Vrsmi
690 2372 907 2480 recenlione
935 2374 1097 2477 prodiit,
1135 2372 1203 2454 nist

316 2478 418 2580 quod
445 2474 696 2583 coniedluram
724 2476 826 2553 suam
853 2484 911 2555 vir
939 2476 1203 2557 accuratiffime

317 2581 466 2658 dodlus‘
482 2587 639 2682 margini
670 2588 901 2683 appingenS,
938 2608 1019 2660 non
1050 2580 1203 2683 verubnt,

316 2681 557 2761 scortentur
589 2684 787 2785 legendum
815 2702 977 2761 moneat.
1052 2682 1203 2762 Delide·

294 2795 375 2881 ,rii
389 2786 541 2862 Heraldi
562 2784 761 2863 Parilienfis
785 2786 975 2865 Aduocati
999 2786 1112 2866 editio
1134 2786 1202 2864 du·
1278 2832 1306 2869 -,

343 2892 403 2967 lex
431 2889 563 2968 deinde
593 2891 800 2968 Romanam
830 2891 1028 2969 ledlionem
1061 2888 1205 2993 expres·
1306 2900 1308 2905 ’

318 2918 381 3093 bt,
411 2992 472 3070 sed
503 2996 615 3070 altera
636 2993 765 3069 ver-idus
790 3022 865 3072 vna
884 2995 1042 3073 litterula
1064 3012 1205 3073 mutata
1250 3059 1260 3083 f
1328 3063 1330 3071 .
1357 2992 1360 2999 ’

318 3122 389 3199 pro
420 3095 559 3172 verubus
587 3097 757 3197 exhibet,
797 3124 843 3172 ex
871 3096 970 3199 ipso,
1014 3116 1055 3177 vt
1084 3114 1204 3201 notat,¹
1306 3130 1309 3135 ·

320 3207 437 3277 veteri
463 3197 730 3300 manuscripto,
759 3207 823 3300 qni
848 3205 986 3279 Leonis
1012 3203 1057 3278 X.
1080 3207 1203 3277 muni-

319 3299 467 3378 ficentia
483 3329 529 3377 ex
552 3306 728 3378 Vaticana
748 3302 979 3380 Bibliotheca
999 3311 1039 3379 in
1060 3312 1203 3407 regiam·
1256 3296 1260 3305 ’
1289 3328 1292 3337 “

320 3412 500 3505 migrauit.
551 3403 678 3481 Millus
698 3411 798 3481 enim
813 3404 881 3481 fuit
904 3406 1024 3485 codex
1045 3408 1108 3485 ille
1133 3404 1205 3484 lih-

321 3508 456 3609 gnlaris
491 3504 535 3582 ad
572 3507 804 3585 Franciseum
839 3535 967 3612 regem
1001 3528 1077 3589 vna
1115 3538 1204 3588 cum

322 3609 458 3688 excuso
482 3611 700 3711 exemplari,
737 3611 839 3712 quod
864 3623 943 3692 eius
965 3622 1110 3692 nomini
1129 3613 1205 3688 edi:
1308 3644 1310 3656 ·

322 3729 422 3790 tores
459 3715 617 3789 Romani
654 3713 918 3817 inscripserant.
992 3721 1102 3794 Leuis
1142 3714 1205 3790 illa

320 3824 477 3896 mutatio
510 3816 714 3895 Heraldum
738 3822 926 3924 perpulit,
964 3835 1007 3898 vt
1032 3815 1107 3994 ipae
1137 3816 1203 3993 thiel

1053 3946 1143 3996 vert
1167 3946 1203 3993 us
1287 3969 1302 3977 --
