3109 4825
419 501 422 510 '
590 484 845 565 INDEX
896 489 939 564 ll.

318 675 381 742 Sed
401 634 440 774 ne
462 677 595 776 eogitari
621 647 747 776 quibetn
783 693 856 774 gem
898 675 995 757 longe
1038 678 1204 741 maximus.

318 761 402 845 poll‘e
415 765 477 823 bne
494 763 543 823 hts
559 764 745 843 tmagmlbus
782 762 891 824 thero
905 762 944 821 de
959 762 997 824 N.
1010 760 1049 825 D.
1069 763 1089 824 l.
1110 780 1139 835 2,
1153 780 1202 843 52.

318 848 453 929 putabat.
500 848 553 909 Ex
570 847 619 909 his
637 849 747 910 itidem
782 847 835 928 qui
861 866 1026 928 nonaque
1051 847 1204 909 solum'a·
1326 887 1328 892 -

318 933 505 1010 imaginibus
575 932 746 995 deducebat
781 950 856 1011 gros
889 930 1035 994 laetificat
1063 949 1096 994 et
1120 933 1205 994 miti-

318 1017 438 1079 causum
478 1016 568 1078 fumis
606 1027 640 1079 et
671 1014 746 1090 fitis,
782 1026 855 1096 gat3
879 1016 929 1076 sed
944 1037 999 1077 eos
1014 1018 1204 1079 etiam'cou·

320 1113 469 1163 motum
519 1103 744 1175 membrorum,
781 1101 859 1163 serit.
883 1101 1203 1182 Magnamenimvim

319 1187 461 1250 somnum
487 1208 559 1248 cum
579 1188 745 1260 insomnfis,
781 1186 931 1247 seminum
964 1185 1093 1258 secum,
1139 1185 1204 1248 fru-

319 1284 352 1333 et
374 1270 603 1334 fimilitudinem
632 1273 745 1333 libero·
780 1273 876 1331 menti
900 1269 1059 1347 fimjlium,
1091 1271 1207 1350 diciturv

317 1377 388 1419 rum
434 1376 506 1418 cum
558 1357 743 1438 parentibus.
779 1356 949 1436 deportare.

320 1441 478 1507 Lucretius
494 1441 560 1504 Lib.
576 1442 632 1509 IV.
820 1437 960 1521 Infantes
974 1459 1095 1514 unare,
1117 1436 1204 1504 Chri-

362 1527 501 1608 Impaltn'
524 1533 553 1601 8,
570 1544 599 1607 4.
628 1546 745 1590 vocan-
770 1526 889 1610 stianus
906 1523 1149 1589 criminabantur
1171 1543 1202 1608 9,

319 1621 372 1674 tur
380 1611 548 1675 Christiani.
594 1611 662 1674 Hoc
673 1611 744 1674 vul·
779 1629 810 1691 7.
835 1611 948 1673 Fabula
964 1611 1042 1673 haec
1060 1629 1125 1673 non
1148 1611 1229 1674 ati-1

320 1718 363 1778 go
384 1696 623 1778 exprobrabant,
656 1695 744 1758 Chri·
780 1696 863 1756 vnde
880 1706 956 1768 orta,
979 1716 1072 1779 quam
1090 1696 1208 1760 esacrz
1251 1725 1255 1734 =
1334 1765 1338 1774 ⁸
1373 1693 1379 1706 '

317 1782 484 1846 stianorum
504 1782 663 1863 pietatem,
682 1801 745 1842 non
780 1779 1018 1844 Christianorum
1030 1802 1137 1844 coena.
1149 1780 1203 1843 In·
1298 1811 1300 1814 ·

275 1880 278 1885 '
318 1865 374 1930 nist
408 1867 444 1929 ab
471 1865 624 1948 imperitis
659 1876 692 1928 et
727 1886 745 1927 a
771 1861 881 1946 santes
905 1865 1040 1928 Saturno
1065 1864 1202 1929 immola·

318 1952 480 2035 plebecula
496 1950 567 2014 coli.
588 1950 669 2017 conf.
679 1948 743 2013 Iob.
780 1949 894 2013 bantur
910 1968 960 2031 30,
979 1969 1008 2032 3.
1033 1953 1086 2037 qui
1096 1948 1203 2020 austu·
1319 1971 1323 1978 '

321 2055 352 2117 7,
370 2043 421 2116 48,
441 2051 493 2116 49.
778 2054 829 2098 res
841 2036 946 2098 hacde
955 2036 1202 2117 recollegerunt,

364 2119 523 2200 Imperitia
532 2118 581 2183 ἀεὶ
584 2116 694 2203 sufficit
704 2118 748 2183 aa
781 2140 836 2181 eos
851 2121 928 2181 citat
942 2120 1070 2183 Bunem.
1086 2121 1128 2182 'ad
1144 2122 1203 2184 Lu·

318 2223 449 2287 paenam
469 2219 519 2285 35,
540 2220 568 2284 5.
780 2201 873 2265 &anu
890 2204 916 2273 I,
937 2221 987 2275 21,
1005 2221 1034 2285 9.
1217 2275 1224 2280 ,

363 2288 544 2369 imprimere
557 2282 683 2369 osculum
700 2283 746 2348 la·
823 2286 961 2350 Initiatia
986 2285 1217 2355 tiruncubrun·

322 2372 381 2439 biis
405 2392 529 2437 manum
561 2371 609 2432 ari
640 2365 747 2433 aduno-
778 2388 811 2457 9,
832 2369 862 2435 6.

321 2457 419 2522 nanda
451 2475 489 2529 2,
514 2473 563 2538 5.·
587 2454 745 2536 Vulgatus
826 2453 961 2519 taurinae
978 2452 1126 2540 fat’tionis
1149 2451 1203 2518 ba·

323 2543 468 2607 adorandi
498 2544 596 2614 ritus,
627 2551 660 2602 et
688 2540 747 2601 mi·
779 2542 874 2605 mines
891 2547 920 2616 8,
931 2559 959 2621 3.
1001 2541 1053 2605 Sic
1062 2539 1205 2603 Christia-

322 2649 393 2692 rum
423 2627 482 2698 est,
520 2627 608 2691 viros
635 2621 744 2688 doPtos
780 2645 839 2690 nos
859 2625 1106 2690 criminabantur.
1137 2624 1201 2688 vid.
1315 2686 1317 2691 ,

322 2714 409 2780 varia
423 2721 566 2774 veterum
584 2708 747 2774 austerum
780 2708 952 2774 Heraldum
991 2711 1029 2772 ad
1071 2707 1203 2773 Tertull.

320 2800 392 2864 loca
409 2798 574 2880 colljgere,
595 2796 672 2860 illud
689 2816 747 2857 ve·
779 2797 872 2880 Apol.
889 2818 916 2858 c.
934 2801 985 2876 38.

322 2881 445 2948 relabi
471 2903 535 2966 cap.
554 2881 674 2954 XXXI,
693 2894 744 2962 27.
822 2879 921 2964 Irasci
945 2879 1123 2944 ditabantur
1147 2876 1202 2953 atii,
1282 2910 1286 2923 ι

323 2971 504 3051 negligere:
527 2968 565 3032 St
576 2965 747 3050 altisona
780 2988 846 3030 cum
867 2963 942 3030 urbs
966 2964 1070 3049 aliqua
1091 2965 1125 3027 in
1149 2960 1203 3026 bo·
1230 3024 1234 3034 ,
1305 3004 1310 3032 -,
1345 3038 1348 3045 ¹

324 3063 355 3118 et
391 3054 498 3135 hunam,
532 3049 745 3137 splendentem,
772 3054 869 3138 stiunt
900 3052 1039 3115 veniebat
1074 3049 1204 3134 potestu-

326 3160 377 3204 cor
400 3159 473 3201 uero
506 3158 604 3201 meum
629 3135 747 3219 aaran·
781 3147 841 3201 tan
863 3136 893 3211 6,
909 3153 938 3216 4.
980 3137 1063 3201 Hinc
1081 3135 1203 3199 auersos
1259 3197 1262 3203 ,

325 3220 403 3286 tlara
424 3224 462 3308 est
486 3244 536 3295 to,
563 3230 598 3286 vt
623 3242 748 3287 manum
782 3221 998 3306 acerthagine
1016 3223 1091 3284 deos
1107 3240 1205 3287 vocu-
1242 3242 1247 3251 ‘

326 3307 513 3394 ad.asculnm
529 3304 684 3388 rafarrnu.
756 3310 834 3371 bet
850 3307 958 3371 Florus
975 3326 1003 3382 2,
1019 3307 1049 3380 6,
1067 3324 1129 3371 20.
1159 3330 1191 3391 ἢ
1226 3304 1230 3315 “

368 3393 488 3459 tutona·
507 3391 669 3475 Christiani
693 3389 749 3455 ba·
825 3392 911 3476 Istaci
941 3410 991 3467 21,
1019 3412 1048 3473 7.
1072 3393 1141 3457 sunt
1160 3390 1205 3455 su-

285 3502 289 3508 ’
326 3478 435 3544 bantur
465 3496 512 3552 12,
531 3496 560 3560 7.
607 3478 670 3541 vid.
695 3477 749 3540 El·
786 3477 930 3542 eerdotes
946 3477 1030 3541 lfidis
1050 3478 1139 3543 calui.

324 3565 483 3629 menhotst
502 3564 539 3627 ad
559 3563 675 3629 Arnob.
698 3561 750 3626 lib.
828 3562 882 3648 Isus
904 3578 954 3635 21,
980 3557 1010 3637 2¹,
1036 3580 1065 3646 5,
1088 3581 1117 3645 7.
1150 3561 1206 3634 lo,

325 3652 353 3717 I.
380 3671 408 3734 p.
432 3666 481 3733 15.
784 3648 893 3713 Inachi
917 3645 996 3722 fitia,
1027 3646 1208 3729 Aegvptio-

371 3735 466 3800 Indus
494 3740 542 3811 18,
568 3752 596 3817 3.
637 3732 750 3796 fluuius
786 3754 855 3801 rum
869 3735 935 3798 dea.
967 3734 1207 3801 Ovid.u1etam.
1338 3748 1343 3759 ‘

329 3822 478 3896 Orientis,
496 3817 663 3902 secundam
670 3816 752 3883 Gan·
788 3838 817 3896 2,
833 3835 906 3902 747.

829 3904 860 3969 Y
882 3921 906 3987 4
936 3929 939 3937 ¹
1134 3897 1212 3965 Iuba
