<?xml version="1.0" encoding="UTF-8"?>
<!DOCTYPE html PUBLIC "-//W3C//DTD XHTML 1.0 Transitional//EN"
    "http://www.w3.org/TR/xhtml1/DTD/xhtml1-transitional.dtd">
<html xmlns="http://www.w3.org/1999/xhtml" xml:lang="en" lang="en">
 <head>
  <title>
</title>
<meta http-equiv="Content-Type" content="text/html;charset=utf-8" />
  <meta name='ocr-system' content='tesseract 3.04.00' />
  <meta name='ocr-capabilities' content='ocr_page ocr_carea ocr_par ocr_line ocrx_word'/>
</head>
<body>
  <div class='ocr_page' id='page_1' title='image "./mminvciifelicis00feligoog/mminvciifelicis00feligoog_0129.png"; bbox 0 0 3109 4825; ppageno 0'>
   <div class='ocr_carea' id='block_1_1' title="bbox 480 467 1101 638">
    <p class='ocr_par' dir='ltr' id='par_1_1' title="bbox 480 467 1101 638">
     <span class='ocr_line' id='line_1_1' title="bbox 480 467 1101 638; baseline -0.008 -33"><span class='ocrx_word' id='word_1_1' title='bbox 480 523 854 638; x_wconf 44' lang='lat' dir='ltr'>¹occsAvws.</span> <span class='ocrx_word' id='word_1_2' title='bbox 927 467 947 568; x_wconf 79' lang='lat'>.&#39;</span> <span class='ocrx_word' id='word_1_3' title='bbox 1054 549 1101 625; x_wconf 69' lang='lat'>92</span> 
     </span>
    </p>
   </div>
   <div class='ocr_carea' id='block_1_2' title="bbox 230 712 1107 1121">
    <p class='ocr_par' dir='ltr' id='par_1_2' title="bbox 230 712 1107 1094">
     <span class='ocr_line' id='line_1_2' title="bbox 230 712 1107 815; baseline 0 -23"><span class='ocrx_word' id='word_1_4' title='bbox 230 716 362 792; x_wconf 82' lang='lat' dir='ltr'>leuerit</span> <span class='ocrx_word' id='word_1_5' title='bbox 389 739 455 815; x_wconf 86' lang='lat' dir='ltr'>per</span> <span class='ocrx_word' id='word_1_6' title='bbox 483 735 658 815; x_wconf 75' lang='lat' dir='ltr'>errorem.</span> <span class='ocrx_word' id='word_1_7' title='bbox 693 736 808 804; x_wconf 47' lang='lat' dir='ltr'>,nam</span> <span class='ocrx_word' id='word_1_8' title='bbox 822 715 982 798; x_wconf 67' lang='lat' dir='ltr'>,interim</span> <span class='ocrx_word' id='word_1_9' title='bbox 1014 712 1107 794; x_wconf 91' lang='lat' dir='ltr'>deos</span> 
     </span>
     <span class='ocr_line' id='line_1_3' title="bbox 232 810 1106 938; baseline -0.001 -45"><span class='ocrx_word' id='word_1_10' title='bbox 232 816 404 938; x_wconf 45' lang='lat' dir='ltr'>credere,</span> <span class='ocrx_word' id='word_1_11' title='bbox 441 822 589 892; x_wconf 85' lang='lat' dir='ltr'>interim</span> <span class='ocrx_word' id='word_1_12' title='bbox 616 811 653 888; x_wconf 85' lang='lat' dir='ltr'>se</span> <span class='ocrx_word' id='word_1_13' title='bbox 678 810 877 888; x_wconf 88' lang='lat' dir='ltr'>deliberare</span> <span class='ocrx_word' id='word_1_14' title='bbox 905 816 1106 918; x_wconf 85' lang='lat' dir='ltr'>⁷variauit‚</span> 
     </span>
     <span class='ocr_line' id='line_1_4' title="bbox 235 914 1107 1094; baseline -0.003 -97"><span class='ocrx_word' id='word_1_15' title='bbox 235 936 296 1017; x_wconf 74' lang='lat' dir='ltr'>vt,</span> <span class='ocrx_word' id='word_1_16' title='bbox 328 915 592 1022; x_wconf 80' lang='lat' dir='ltr'>&#39;propositionis</span> <span class='ocrx_word' id='word_1_17' title='bbox 616 923 783 1014; x_wconf 89' lang='lat' dir='ltr'>incerto,</span> <span class='ocrx_word' id='word_1_18' title='bbox 818 914 1028 1094; x_wconf 52' lang='lat' dir='ltr'>⁸iricemosr</span> <span class='ocrx_word' id='word_1_19' title='bbox 1049 944 1107 994; x_wconf 91' lang='lat' dir='ltr'>re-</span> 
     </span>
    </p>

    <p class='ocr_par' dir='ltr' id='par_1_3' title="bbox 536 1047 1107 1121">
     <span class='ocr_line' id='line_1_5' title="bbox 536 1047 1107 1121; baseline -0.004 -23"><span class='ocrx_word' id='word_1_20' title='bbox 536 1059 541 1068; x_wconf 88' lang='lat'>·</span> <span class='ocrx_word' id='word_1_21' title='bbox 1013 1047 1107 1121; x_wconf 89' lang='lat' dir='ltr'>pon-</span> 
     </span>
    </p>
   </div>
   <div class='ocr_carea' id='block_1_3' title="bbox 231 1188 1112 1528">
    <p class='ocr_par' dir='ltr' id='par_1_4' title="bbox 231 1188 1112 1528">
     <span class='ocr_line' id='line_1_6' title="bbox 234 1188 1108 1274; baseline 0.001 -18"><span class='ocrx_word' id='word_1_22' title='bbox 234 1192 271 1257; x_wconf 86' lang='lat' dir='ltr'>de</span> <span class='ocrx_word' id='word_1_23' title='bbox 286 1192 439 1256; x_wconf 83' lang='lat' dir='ltr'>Naturali</span> <span class='ocrx_word' id='word_1_24' title='bbox 445 1188 559 1274; x_wconf 84' lang='lat' dir='ltr'>puleler.</span> <span class='ocrx_word' id='word_1_25' title='bbox 572 1188 658 1254; x_wconf 75' lang='lat' dir='ltr'>Oret.</span> <span class='ocrx_word' id='word_1_26' title='bbox 735 1208 755 1272; x_wconf 84' lang='lat'>7</span> <span class='ocrx_word' id='word_1_27' title='bbox 778 1190 939 1269; x_wconf 68' lang='lat' dir='ltr'>variavit]</span> <span class='ocrx_word' id='word_1_28' title='bbox 960 1211 1108 1257; x_wconf 75' lang='lat' dir='ltr'>L1v1vs</span> 
     </span>
     <span class='ocr_line' id='line_1_7' title="bbox 231 1274 1110 1360; baseline -0.001 -18"><span class='ocrx_word' id='word_1_29' title='bbox 231 1298 309 1360; x_wconf 79' lang='lat' dir='ltr'>pag.</span> <span class='ocrx_word' id='word_1_30' title='bbox 330 1284 402 1353; x_wconf 85' lang='lat'><strong>208.</strong></span> <span class='ocrx_word' id='word_1_31' title='bbox 427 1294 663 1341; x_wconf 65' lang='lat' dir='ltr'>camerave</span> <span class='ocrx_word' id='word_1_32' title='bbox 692 1275 760 1339; x_wconf 81' lang='lat' dir='ltr'>Lib.</span> <span class='ocrx_word' id='word_1_33' title='bbox 785 1274 919 1342; x_wconf 90' lang='lat' dir='ltr'><strong>XXVII.</strong></span> <span class='ocrx_word' id='word_1_34' title='bbox 952 1277 1023 1358; x_wconf 75' lang='lat' dir='ltr'>l&#39;ap.</span> <span class='ocrx_word' id='word_1_35' title='bbox 1051 1288 1110 1358; x_wconf 63' lang='lat' dir='ltr'>ayt</span> 
     </span>
     <span class='ocr_line' id='line_1_8' title="bbox 235 1359 1112 1445; baseline 0 -20"><span class='ocrx_word' id='word_1_36' title='bbox 235 1365 349 1426; x_wconf 84' lang='lat' dir='ltr'>aliiue</span> <span class='ocrx_word' id='word_1_37' title='bbox 378 1362 490 1443; x_wconf 85' lang='lat' dir='ltr'>legunt</span> <span class='ocrx_word' id='word_1_38' title='bbox 506 1359 584 1445; x_wconf 71' lang='lat' dir='ltr'>stra,</span> <span class='ocrx_word' id='word_1_39' title='bbox 608 1361 657 1422; x_wconf 88' lang='lat' dir='ltr'>sed</span> <span class='ocrx_word' id='word_1_40' title='bbox 691 1360 743 1434; x_wconf 85' lang='lat' dir='ltr'>St&#39;,</span> <span class='ocrx_word' id='word_1_41' title='bbox 783 1379 860 1443; x_wconf 86' lang='lat' dir='ltr'>quae</span> <span class='ocrx_word' id='word_1_42' title='bbox 894 1360 931 1425; x_wconf 80' lang='lat' dir='ltr'>de</span> <span class='ocrx_word' id='word_1_43' title='bbox 971 1361 1112 1425; x_wconf 75' lang='lat' dir='ltr'><em>Marcelli</em></span> 
     </span>
     <span class='ocr_line' id='line_1_9' title="bbox 236 1383 1110 1528; baseline -0.001 -17"><span class='ocrx_word' id='word_1_44' title='bbox 236 1460 269 1511; x_wconf 90' lang='lat' dir='ltr'>et</span> <span class='ocrx_word' id='word_1_45' title='bbox 285 1383 325 1509; x_wconf 52' lang='grc' dir='ltr'>ἒς</span> <span class='ocrx_word' id='word_1_46' title='bbox 344 1447 386 1510; x_wconf 91' lang='lat' dir='ltr'>est</span> <span class='ocrx_word' id='word_1_47' title='bbox 401 1457 508 1509; x_wconf 86' lang='lat' dir='ltr'>contra</span> <span class='ocrx_word' id='word_1_48' title='bbox 524 1448 658 1528; x_wconf 88' lang='lat' dir='ltr'>recipro-</span> <span class='ocrx_word' id='word_1_49' title='bbox 691 1454 787 1507; x_wconf 82' lang='lat' dir='ltr'>morte</span> <span class='ocrx_word' id='word_1_50' title='bbox 817 1447 937 1510; x_wconf 83' lang='lat' dir='ltr'>variant</span> <span class='ocrx_word' id='word_1_51' title='bbox 965 1445 1110 1522; x_wconf 71' lang='lat' dir='ltr'>Autem,</span> 
     </span>
    </p>
   </div>
   <div class='ocr_carea' id='block_1_4' title="bbox 236 1530 1327 1615">
    <p class='ocr_par' dir='ltr' id='par_1_5' title="bbox 236 1530 1327 1615">
     <span class='ocr_line' id='line_1_10' title="bbox 236 1530 1327 1615; baseline 0.001 -20"><span class='ocrx_word' id='word_1_52' title='bbox 236 1554 345 1596; x_wconf 82' lang='lat' dir='ltr'>corum</span> <span class='ocrx_word' id='word_1_53' title='bbox 363 1533 486 1613; x_wconf 84' lang='lat' dir='ltr'>legem,</span> <span class='ocrx_word' id='word_1_54' title='bbox 515 1551 587 1593; x_wconf 89' lang='lat' dir='ltr'>cum</span> <span class='ocrx_word' id='word_1_55' title='bbox 605 1532 657 1592; x_wconf 86' lang='lat' dir='ltr'>de·</span> <span class='ocrx_word' id='word_1_56' title='bbox 692 1532 792 1593; x_wconf 81' lang='lat' dir='ltr'><em>omnia</em></span> <span class='ocrx_word' id='word_1_57' title='bbox 841 1530 959 1615; x_wconf 82' lang='lat' dir='ltr'>exsequi</span> <span class='ocrx_word' id='word_1_58' title='bbox 996 1531 1109 1598; x_wconf 80' lang='lat' dir='ltr'>vellem.</span> <span class='ocrx_word' id='word_1_59' title='bbox 1234 1565 1236 1570; x_wconf 96' lang='lat'>·</span> <span class='ocrx_word' id='word_1_60' title='bbox 1324 1533 1327 1540; x_wconf 90' lang='grc'><strong>’</strong></span> 
     </span>
    </p>
   </div>
   <div class='ocr_carea' id='block_1_5' title="bbox 185 1615 1165 3061">
    <p class='ocr_par' dir='ltr' id='par_1_6' title="bbox 236 1615 1109 1935">
     <span class='ocr_line' id='line_1_11' title="bbox 236 1615 1109 1699; baseline -0.001 -18"><span class='ocrx_word' id='word_1_61' title='bbox 236 1618 327 1681; x_wconf 81' lang='lat' dir='ltr'>bebat</span> <span class='ocrx_word' id='word_1_62' title='bbox 351 1616 409 1679; x_wconf 85' lang='lat' dir='ltr'>effe</span> <span class='ocrx_word' id='word_1_63' title='bbox 433 1618 512 1689; x_wconf 83' lang='lat' dir='ltr'>eius,</span> <span class='ocrx_word' id='word_1_64' title='bbox 543 1616 657 1678; x_wconf 83' lang='lat' dir='ltr'>scilicet</span> <span class='ocrx_word' id='word_1_65' title='bbox 690 1615 822 1678; x_wconf 88' lang='lat' dir='ltr'>Ibidem:</span> <span class='ocrx_word' id='word_1_66' title='bbox 844 1615 1109 1699; x_wconf 83' lang='lat' dir='ltr'>Itasamaveriet,</span> 
     </span>
     <span class='ocr_line' id='line_1_12' title="bbox 236 1694 1109 1787; baseline 0 -20"><span class='ocrx_word' id='word_1_67' title='bbox 236 1700 369 1767; x_wconf 85' lang='lat' dir='ltr'>Caecilii.</span> <span class='ocrx_word' id='word_1_68' title='bbox 389 1699 424 1765; x_wconf 90' lang='lat' dir='ltr'>L.</span> <span class='ocrx_word' id='word_1_69' title='bbox 530 1694 534 1703; x_wconf 77' lang='grc'>’</span> <span class='ocrx_word' id='word_1_70' title='bbox 689 1709 724 1762; x_wconf 82' lang='lat' dir='ltr'>vt</span> <span class='ocrx_word' id='word_1_71' title='bbox 747 1710 848 1764; x_wconf 84' lang='lat' dir='ltr'>tamen</span> <span class='ocrx_word' id='word_1_72' title='bbox 877 1702 1012 1787; x_wconf 72' lang='lat' dir='ltr'>plerique</span> <span class='ocrx_word' id='word_1_73' title='bbox 1041 1711 1109 1767; x_wconf 82' lang='lat' dir='ltr'>lra-</span> 
     </span>
     <span class='ocr_line' id='line_1_13' title="bbox 278 1784 1108 1935; baseline -0.001 -83"><span class='ocrx_word' id='word_1_74' title='bbox 278 1787 299 1852; x_wconf 80' lang='lat'>6</span> <span class='ocrx_word' id='word_1_75' title='bbox 321 1784 449 1849; x_wconf 79' lang='lat' dir='ltr'>eruditio</span> <span class='ocrx_word' id='word_1_76' title='bbox 466 1785 655 1935; x_wconf 59' lang='lat' dir='ltr'>turbatust]</span> <span class='ocrx_word' id='word_1_77' title='bbox 691 1784 776 1858; x_wconf 83' lang='lat' dir='ltr'>dant,</span> <span class='ocrx_word' id='word_1_78' title='bbox 800 1798 910 1851; x_wconf 79' lang='lat' dir='ltr'>cetera.</span> <span class='ocrx_word' id='word_1_79' title='bbox 933 1786 1020 1864; x_wconf 72' lang='lat' dir='ltr'>Ldem</span> <span class='ocrx_word' id='word_1_80' title='bbox 1037 1786 1108 1851; x_wconf 81' lang='lat' dir='ltr'>Lib.</span> 
     </span>
    </p>

    <p class='ocr_par' dir='ltr' id='par_1_7' title="bbox 209 1869 1161 2467">
     <span class='ocr_line' id='line_1_14' title="bbox 209 1869 1108 1959; baseline -0.003 -19"><span class='ocrx_word' id='word_1_81' title='bbox 209 1939 214 1946; x_wconf 87' lang='grc'><strong>,</strong></span> <span class='ocrx_word' id='word_1_82' title='bbox 235 1871 294 1940; x_wconf 91' lang='lat' dir='ltr'>Vel</span> <span class='ocrx_word' id='word_1_83' title='bbox 306 1873 387 1954; x_wconf 86' lang='lat' dir='ltr'>lege,</span> <span class='ocrx_word' id='word_1_84' title='bbox 396 1869 509 1954; x_wconf 73' lang='lat' dir='ltr'>secata</span> <span class='ocrx_word' id='word_1_85' title='bbox 509 1871 561 1957; x_wconf 77' lang='lat' dir='ltr'>ſse.</span> <span class='ocrx_word' id='word_1_86' title='bbox 604 1892 655 1954; x_wconf 79' lang='lat' dir='ltr'>ap.</span> <span class='ocrx_word' id='word_1_87' title='bbox 689 1870 727 1934; x_wconf 90' lang='grc' dir='ltr'>Π.</span> <span class='ocrx_word' id='word_1_88' title='bbox 743 1870 880 1953; x_wconf 80' lang='lat' dir='ltr'>Cap.57:</span> <span class='ocrx_word' id='word_1_89' title='bbox 907 1872 1108 1959; x_wconf 73' lang='lat' dir='ltr'>limoratque</span> 
     </span>
     <span class='ocr_line' id='line_1_15' title="bbox 235 1953 1109 2042; baseline 0 -20"><span class='ocrx_word' id='word_1_90' title='bbox 235 1953 322 2029; x_wconf 88' lang='lat' dir='ltr'>XVI,</span> <span class='ocrx_word' id='word_1_91' title='bbox 330 1975 361 2040; x_wconf 89' lang='lat'>9.</span> <span class='ocrx_word' id='word_1_92' title='bbox 377 1958 657 2041; x_wconf 79' lang='lat' dir='ltr'>nonfucaturpem-</span> <span class='ocrx_word' id='word_1_93' title='bbox 690 1956 741 2042; x_wconf 76' lang='lat' dir='ltr'>ira,</span> <span class='ocrx_word' id='word_1_94' title='bbox 786 1958 912 2021; x_wconf 76' lang='lat' dir='ltr'>imeieem</span> <span class='ocrx_word' id='word_1_95' title='bbox 940 1954 1109 2042; x_wconf 74' lang='lat' dir='ltr'>sententias</span> 
     </span>
     <span class='ocr_line' id='line_1_16' title="bbox 233 2039 1106 2125; baseline 0 -19"><span class='ocrx_word' id='word_1_96' title='bbox 233 2062 276 2125; x_wconf 77' lang='lat' dir='ltr'>pa</span> <span class='ocrx_word' id='word_1_97' title='bbox 278 2039 444 2124; x_wconf 80' lang='lat' dir='ltr'><em>facundiae</em></span> <span class='ocrx_word' id='word_1_98' title='bbox 469 2051 498 2105; x_wconf 87' lang='lat' dir='ltr'>et</span> <span class='ocrx_word' id='word_1_99' title='bbox 520 2044 656 2125; x_wconf 82' lang='lat' dir='ltr'>gratiae.</span> <span class='ocrx_word' id='word_1_100' title='bbox 690 2042 855 2106; x_wconf 82' lang='lat' dir='ltr'>variabant.</span> <span class='ocrx_word' id='word_1_101' title='bbox 927 2060 1106 2107; x_wconf 81' lang='lat' dir='ltr'>ovrnrvs</span> 
     </span>
     <span class='ocr_line' id='line_1_17' title="bbox 236 2126 1122 2213; baseline 0.002 -23"><span class='ocrx_word' id='word_1_102' title='bbox 236 2126 376 2191; x_wconf 81' lang='lat' dir='ltr'>Eruditio</span> <span class='ocrx_word' id='word_1_103' title='bbox 424 2129 506 2189; x_wconf 86' lang='lat' dir='ltr'>enirn</span> <span class='ocrx_word' id='word_1_104' title='bbox 543 2126 654 2209; x_wconf 80' lang='lat' dir='ltr'><em>fucata</em></span> <span class='ocrx_word' id='word_1_105' title='bbox 691 2127 819 2191; x_wconf 82' lang='lat' dir='ltr'>Melam.</span> <span class='ocrx_word' id='word_1_106' title='bbox 836 2127 909 2199; x_wconf 83' lang='lat' dir='ltr'>XV,</span> <span class='ocrx_word' id='word_1_107' title='bbox 926 2127 998 2209; x_wconf 87' lang='lat'><strong>648.</strong></span> <span class='ocrx_word' id='word_1_108' title='bbox 1021 2128 1122 2213; x_wconf 59' lang='grc' dir='ltr'>111Ῑῇ-Ι</span> 
     </span>
     <span class='ocr_line' id='line_1_18' title="bbox 236 2209 1161 2328; baseline -0.001 -52"><span class='ocrx_word' id='word_1_109' title='bbox 236 2212 387 2285; x_wconf 81' lang='lat' dir='ltr'>versutie,</span> <span class='ocrx_word' id='word_1_110' title='bbox 403 2212 579 2283; x_wconf 75' lang='lat' dir='ltr'>subtilitate,</span> <span class='ocrx_word' id='word_1_111' title='bbox 601 2214 657 2273; x_wconf 89' lang='lat' dir='ltr'>do-</span> <span class='ocrx_word' id='word_1_112' title='bbox 691 2209 740 2273; x_wconf 79' lang='lat' dir='ltr'>det</span> <span class='ocrx_word' id='word_1_113' title='bbox 771 2220 802 2274; x_wconf 81' lang='lat' dir='ltr'>et</span> <span class='ocrx_word' id='word_1_114' title='bbox 826 2214 927 2276; x_wconf 82' lang='lat' dir='ltr'>variet</span> <span class='ocrx_word' id='word_1_115' title='bbox 946 2211 1107 2295; x_wconf 73' lang='lat' dir='ltr'>sententia.</span> <span class='ocrx_word' id='word_1_116' title='bbox 1139 2257 1161 2328; x_wconf 44' lang='grc' dir='ltr'>ὗ</span> 
     </span>
     <span class='ocr_line' id='line_1_19' title="bbox 235 2295 1139 2379; baseline -0.001 -19"><span class='ocrx_word' id='word_1_117' title='bbox 235 2296 285 2371; x_wconf 91' lang='lat' dir='ltr'>lo,</span> <span class='ocrx_word' id='word_1_118' title='bbox 308 2297 474 2378; x_wconf 89' lang='lat' dir='ltr'>opponitur</span> <span class='ocrx_word' id='word_1_119' title='bbox 500 2295 657 2358; x_wconf 78' lang='lat' dir='ltr'>vacillanti</span> <span class='ocrx_word' id='word_1_120' title='bbox 690 2296 827 2378; x_wconf 76' lang='lat' dir='ltr'>Apparet</span> <span class='ocrx_word' id='word_1_121' title='bbox 841 2296 925 2368; x_wconf 87' lang='lat' dir='ltr'>hinc,</span> <span class='ocrx_word' id='word_1_122' title='bbox 940 2299 1111 2379; x_wconf 75' lang='lat' dir='ltr'>precaria·</span> <span class='ocrx_word' id='word_1_123' title='bbox 1137 2319 1139 2324; x_wconf 93' lang='lat'>·</span> 
     </span>
     <span class='ocr_line' id='line_1_20' title="bbox 235 2378 1121 2467; baseline 0 -23"><span class='ocrx_word' id='word_1_124' title='bbox 235 2401 292 2467; x_wconf 89' lang='lat' dir='ltr'>per</span> <span class='ocrx_word' id='word_1_125' title='bbox 321 2399 465 2444; x_wconf 87' lang='lat' dir='ltr'>errorem.</span> <span class='ocrx_word' id='word_1_126' title='bbox 507 2380 594 2442; x_wconf 83' lang='lat' dir='ltr'>Hanc</span> <span class='ocrx_word' id='word_1_127' title='bbox 611 2380 668 2453; x_wconf 42' lang='lat' dir='ltr'>ins</span> <span class='ocrx_word' id='word_1_128' title='bbox 690 2382 736 2443; x_wconf 82' lang='lat' dir='ltr'>vit</span> <span class='ocrx_word' id='word_1_129' title='bbox 752 2381 861 2445; x_wconf 87' lang='lat' dir='ltr'>iniuste</span> <span class='ocrx_word' id='word_1_130' title='bbox 881 2379 1042 2445; x_wconf 83' lang='lat' dir='ltr'>rescribere</span> <span class='ocrx_word' id='word_1_131' title='bbox 1059 2378 1121 2444; x_wconf 83' lang='lat' dir='ltr'>de·&#39;</span> 
     </span>
    </p>

    <p class='ocr_par' dir='ltr' id='par_1_8' title="bbox 203 2461 1108 2550">
     <span class='ocr_line' id='line_1_21' title="bbox 203 2461 1108 2550; baseline -0.003 -19"><span class='ocrx_word' id='word_1_132' title='bbox 203 2506 210 2513; x_wconf 83' lang='lat'><strong>.</strong></span> <span class='ocrx_word' id='word_1_133' title='bbox 235 2478 425 2538; x_wconf 84' lang='lat' dir='ltr'>nocentem,</span> <span class='ocrx_word' id='word_1_134' title='bbox 446 2483 510 2526; x_wconf 90' lang='lat' dir='ltr'>non</span> <span class='ocrx_word' id='word_1_135' title='bbox 534 2475 659 2528; x_wconf 83' lang='lat' dir='ltr'>vetera·</span> <span class='ocrx_word' id='word_1_136' title='bbox 692 2461 821 2527; x_wconf 81' lang='lat' dir='ltr'>claraut&#39;t</span> <span class='ocrx_word' id='word_1_137' title='bbox 837 2486 965 2530; x_wconf 80' lang='lat' dir='ltr'><strong>WOPK.</strong></span> <span class='ocrx_word' id='word_1_138' title='bbox 987 2468 1019 2528; x_wconf 90' lang='lat' dir='ltr'>in</span> <span class='ocrx_word' id='word_1_139' title='bbox 1040 2463 1108 2550; x_wconf 71' lang='lat' dir='ltr'>Obfi</span> 
     </span>
    </p>

    <p class='ocr_par' dir='ltr' id='par_1_9' title="bbox 193 2546 1111 2718">
     <span class='ocr_line' id='line_1_22' title="bbox 193 2546 1111 2631; baseline -0.001 -17"><span class='ocrx_word' id='word_1_140' title='bbox 193 2578 202 2625; x_wconf 74' lang='lat' dir='ltr'>j</span> <span class='ocrx_word' id='word_1_141' title='bbox 236 2554 348 2615; x_wconf 82' lang='lat' dir='ltr'>teriam</span> <span class='ocrx_word' id='word_1_142' title='bbox 368 2549 470 2624; x_wconf 81' lang='lat' dir='ltr'>illam,</span> <span class='ocrx_word' id='word_1_143' title='bbox 490 2551 523 2611; x_wconf 89' lang='lat' dir='ltr'>in</span> <span class='ocrx_word' id='word_1_144' title='bbox 547 2547 658 2611; x_wconf 85' lang='lat' dir='ltr'>Natale</span> <span class='ocrx_word' id='word_1_145' title='bbox 692 2546 772 2631; x_wconf 83' lang='lat' dir='ltr'>misc.</span> <span class='ocrx_word' id='word_1_146' title='bbox 789 2549 855 2610; x_wconf 79' lang='lat' dir='ltr'>crit.</span> <span class='ocrx_word' id='word_1_147' title='bbox 883 2550 916 2610; x_wconf 85' lang='lat' dir='ltr'>T.</span> <span class='ocrx_word' id='word_1_148' title='bbox 933 2549 974 2613; x_wconf 90' lang='grc' dir='ltr'>Χ.</span> <span class='ocrx_word' id='word_1_149' title='bbox 1001 2549 1070 2614; x_wconf 78' lang='lat' dir='ltr'>Lib.</span> <span class='ocrx_word' id='word_1_150' title='bbox 1084 2550 1111 2614; x_wconf 92' lang='grc' dir='ltr'>Ι.</span> 
     </span>
     <span class='ocr_line' id='line_1_23' title="bbox 236 2631 947 2718; baseline -0.007 -18"><span class='ocrx_word' id='word_1_151' title='bbox 236 2637 310 2708; x_wconf 86' lang='lat' dir='ltr'>suo,</span> <span class='ocrx_word' id='word_1_152' title='bbox 339 2635 475 2718; x_wconf 84' lang='lat' dir='ltr'>agnoscit</span> <span class='ocrx_word' id='word_1_153' title='bbox 498 2631 657 2702; x_wconf 71' lang='lat' dir='ltr'>Ottauius.</span> <span class='ocrx_word' id='word_1_154' title='bbox 691 2652 722 2715; x_wconf 92' lang='lat' dir='ltr'>p.</span> <span class='ocrx_word' id='word_1_155' title='bbox 740 2649 792 2716; x_wconf 83' lang='lat'>29.</span> <span class='ocrx_word' id='word_1_156' title='bbox 821 2651 947 2696; x_wconf 74' lang='lat' dir='ltr'><strong>REVM·</strong></span> 
     </span>
    </p>

    <p class='ocr_par' dir='ltr' id='par_1_10' title="bbox 236 2719 773 2793">
     <span class='ocr_line' id='line_1_24' title="bbox 236 2719 773 2793; baseline -0.009 -7"><span class='ocrx_word' id='word_1_157' title='bbox 236 2721 365 2786; x_wconf 86' lang='lat' dir='ltr'>Fraudis</span> <span class='ocrx_word' id='word_1_158' title='bbox 384 2722 466 2782; x_wconf 87' lang='lat' dir='ltr'>enim</span> <span class='ocrx_word' id='word_1_159' title='bbox 488 2719 548 2793; x_wconf 89' lang='lat' dir='ltr'>est,</span> <span class='ocrx_word' id='word_1_160' title='bbox 571 2720 658 2783; x_wconf 83' lang='lat' dir='ltr'><em>eari-</em></span> <span class='ocrx_word' id='word_1_161' title='bbox 770 2760 773 2765; x_wconf 92' lang='lat'><em>-</em></span> 
     </span>
    </p>

    <p class='ocr_par' dir='ltr' id='par_1_11' title="bbox 185 2798 1165 3061">
     <span class='ocr_line' id='line_1_25' title="bbox 185 2798 1114 2889; baseline -0.004 -18"><span class='ocrx_word' id='word_1_162' title='bbox 185 2824 188 2829; x_wconf 83' lang='lat'>&#39;</span> <span class='ocrx_word' id='word_1_163' title='bbox 236 2825 311 2880; x_wconf 76' lang='lat' dir='ltr'>are,</span> <span class='ocrx_word' id='word_1_164' title='bbox 333 2813 368 2868; x_wconf 80' lang='lat' dir='ltr'>vl</span> <span class='ocrx_word' id='word_1_165' title='bbox 381 2804 590 2889; x_wconf 75' lang='lat' dir='ltr'>preposttt&#39;onls</span> <span class='ocrx_word' id='word_1_166' title='bbox 613 2805 660 2866; x_wconf 83' lang='lat' dir='ltr'>t&#39;e-</span> <span class='ocrx_word' id='word_1_167' title='bbox 736 2798 922 2880; x_wconf 66' lang='lat' dir='ltr'>glaimier</span> <span class='ocrx_word' id='word_1_168' title='bbox 955 2800 1114 2889; x_wconf 73' lang='lat' dir='ltr'><em>responfio-</em></span> 
     </span>
     <span class='ocr_line' id='line_1_26' title="bbox 236 2887 1113 2974; baseline -0.003 -18"><span class='ocrx_word' id='word_1_169' title='bbox 236 2899 334 2965; x_wconf 79' lang='lat' dir='ltr'>terta,</span> <span class='ocrx_word' id='word_1_170' title='bbox 370 2892 512 2961; x_wconf 76' lang='lat' dir='ltr'>incertior·</span> <span class='ocrx_word' id='word_1_171' title='bbox 538 2887 658 2973; x_wconf 70' lang='lat' dir='ltr'>respee</span> <span class='ocrx_word' id='word_1_172' title='bbox 691 2890 741 2951; x_wconf 83' lang='lat' dir='ltr'>nis</span> <span class='ocrx_word' id='word_1_173' title='bbox 758 2888 876 2974; x_wconf 72' lang='lat' dir='ltr'><em>nostras</em></span> <span class='ocrx_word' id='word_1_174' title='bbox 897 2889 1048 2972; x_wconf 71' lang='lat' dir='ltr'>intentae]</span> <span class='ocrx_word' id='word_1_175' title='bbox 1075 2890 1113 2953; x_wconf 85' lang='lat' dir='ltr'>ln</span> 
     </span>
     <span class='ocr_line' id='line_1_27' title="bbox 227 2973 1165 3061; baseline 0.001 -22"><span class='ocrx_word' id='word_1_176' title='bbox 227 2976 322 3061; x_wconf 71' lang='lat' dir='ltr'>fineis</span> <span class='ocrx_word' id='word_1_177' title='bbox 352 2977 476 3043; x_wconf 75' lang='lat' dir='ltr'>intentio</span> <span class='ocrx_word' id='word_1_178' title='bbox 495 2973 656 3058; x_wconf 82' lang='lat' dir='ltr'>fundetur.</span> <span class='ocrx_word' id='word_1_179' title='bbox 691 2973 755 3042; x_wconf 86' lang='lat' dir='ltr'>MS.</span> <span class='ocrx_word' id='word_1_180' title='bbox 782 2975 899 3058; x_wconf 88' lang='lat' dir='ltr'>legitur</span> <span class='ocrx_word' id='word_1_181' title='bbox 923 2976 1032 3048; x_wconf 82' lang='lat' dir='ltr'>certio,</span> <span class='ocrx_word' id='word_1_182' title='bbox 1058 2994 1112 3056; x_wconf 76' lang='lat' dir='ltr'>pre</span> <span class='ocrx_word' id='word_1_183' title='bbox 1162 2987 1165 2992; x_wconf 87' lang='lat'>&#39;</span> 
     </span>
    </p>
   </div>
   <div class='ocr_carea' id='block_1_6' title="bbox 237 3060 1389 3143">
    <p class='ocr_par' dir='ltr' id='par_1_12' title="bbox 237 3060 1389 3143">
     <span class='ocr_line' id='line_1_28' title="bbox 237 3060 1389 3143; baseline 0.003 -18"><span class='ocrx_word' id='word_1_184' title='bbox 237 3061 299 3125; x_wconf 87' lang='lat' dir='ltr'>Sed</span> <span class='ocrx_word' id='word_1_185' title='bbox 331 3062 457 3125; x_wconf 79' lang='lat' dir='ltr'>vacillet</span> <span class='ocrx_word' id='word_1_186' title='bbox 491 3060 553 3143; x_wconf 80' lang='lat' dir='ltr'>per&#39;¹</span> <span class='ocrx_word' id='word_1_187' title='bbox 573 3078 657 3123; x_wconf 87' lang='lat' dir='ltr'>erro·</span> <span class='ocrx_word' id='word_1_188' title='bbox 690 3061 815 3133; x_wconf 81' lang='lat' dir='ltr'>certior,</span> <span class='ocrx_word' id='word_1_189' title='bbox 837 3078 933 3142; x_wconf 89' lang='lat' dir='ltr'><strong>quum</strong></span> <span class='ocrx_word' id='word_1_190' title='bbox 955 3079 1018 3122; x_wconf 90' lang='lat' dir='ltr'>non</span> <span class='ocrx_word' id='word_1_191' title='bbox 1035 3060 1112 3122; x_wconf 86' lang='lat' dir='ltr'>sole·</span> <span class='ocrx_word' id='word_1_192' title='bbox 1184 3130 1192 3137; x_wconf 56' lang='grc'><strong>,</strong></span> <span class='ocrx_word' id='word_1_193' title='bbox 1227 3097 1230 3105; x_wconf 79' lang='lat'>,</span> <span class='ocrx_word' id='word_1_194' title='bbox 1360 3106 1389 3129; x_wconf 76' lang='lat'>.-</span> 
     </span>
    </p>
   </div>
   <div class='ocr_carea' id='block_1_7' title="bbox 175 3145 1197 3992">
    <p class='ocr_par' dir='ltr' id='par_1_13' title="bbox 233 3145 1113 3482">
     <span class='ocr_line' id='line_1_29' title="bbox 238 3145 1113 3228; baseline 0.002 -22"><span class='ocrx_word' id='word_1_195' title='bbox 238 3165 319 3219; x_wconf 84' lang='lat' dir='ltr'>rem,</span> <span class='ocrx_word' id='word_1_196' title='bbox 342 3148 395 3228; x_wconf 81' lang='lat' dir='ltr'>qui</span> <span class='ocrx_word' id='word_1_197' title='bbox 405 3146 447 3209; x_wconf 74' lang='lat' dir='ltr'>&#39;le</span> <span class='ocrx_word' id='word_1_198' title='bbox 463 3148 565 3215; x_wconf 82' lang='lat' dir='ltr'>tre&#39;uie&#39;r</span> <span class='ocrx_word' id='word_1_199' title='bbox 583 3145 655 3210; x_wconf 77' lang='lat' dir='ltr'>leae-</span> <span class='ocrx_word' id='word_1_200' title='bbox 690 3157 760 3208; x_wconf 87' lang='lat' dir='ltr'>rent</span> <span class='ocrx_word' id='word_1_201' title='bbox 774 3158 917 3226; x_wconf 89' lang='lat' dir='ltr'>repetere</span> <span class='ocrx_word' id='word_1_202' title='bbox 930 3147 1057 3207; x_wconf 85' lang='lat' dir='ltr'>eandem</span> <span class='ocrx_word' id='word_1_203' title='bbox 1073 3146 1113 3208; x_wconf 90' lang='lat' dir='ltr'>li-</span> 
     </span>
     <span class='ocr_line' id='line_1_30' title="bbox 236 3231 1111 3314; baseline 0.002 -22"><span class='ocrx_word' id='word_1_204' title='bbox 236 3238 284 3293; x_wconf 83' lang='lat' dir='ltr'>ret</span> <span class='ocrx_word' id='word_1_205' title='bbox 299 3232 429 3305; x_wconf 83' lang='lat' dir='ltr'>anxius,</span> <span class='ocrx_word' id='word_1_206' title='bbox 451 3251 504 3294; x_wconf 79' lang='lat' dir='ltr'>trec</span> <span class='ocrx_word' id='word_1_207' title='bbox 536 3231 657 3314; x_wconf 75' lang='lat' dir='ltr'>tegulae</span> <span class='ocrx_word' id='word_1_208' title='bbox 691 3240 807 3303; x_wconf 84' lang='lat' dir='ltr'>teram,</span> <span class='ocrx_word' id='word_1_209' title='bbox 832 3241 871 3293; x_wconf 93' lang='lat' dir='ltr'>vt</span> <span class='ocrx_word' id='word_1_210' title='bbox 893 3231 1008 3314; x_wconf 76' lang='lat' dir='ltr'>saepius</span> <span class='ocrx_word' id='word_1_211' title='bbox 1019 3239 1111 3314; x_wconf 78' lang='lat' dir='ltr'>¹patet</span> 
     </span>
     <span class='ocr_line' id='line_1_31' title="bbox 236 3312 1109 3398; baseline 0.001 -18"><span class='ocrx_word' id='word_1_212' title='bbox 236 3315 329 3380; x_wconf 82' lang='lat' dir='ltr'>audet</span> <span class='ocrx_word' id='word_1_213' title='bbox 353 3314 479 3398; x_wconf 80' lang='lat' dir='ltr'>eligere,</span> <span class='ocrx_word' id='word_1_214' title='bbox 511 3336 562 3378; x_wconf 84' lang='lat' dir='ltr'>nee</span> <span class='ocrx_word' id='word_1_215' title='bbox 589 3316 658 3377; x_wconf 83' lang='lat' dir='ltr'>eei·</span> <span class='ocrx_word' id='word_1_216' title='bbox 692 3335 735 3377; x_wconf 86' lang='lat' dir='ltr'>ex</span> <span class='ocrx_word' id='word_1_217' title='bbox 743 3312 912 3378; x_wconf 70' lang='lat' dir='ltr'>pandectis.</span> <span class='ocrx_word' id='word_1_218' title='bbox 932 3336 1109 3381; x_wconf 73' lang='lat' dir='ltr'>enoaov.</span> 
     </span>
     <span class='ocr_line' id='line_1_32' title="bbox 233 3398 1110 3482; baseline 0.002 -20"><span class='ocrx_word' id='word_1_219' title='bbox 233 3401 336 3478; x_wconf 71' lang='lat' dir='ltr'>verfier</span> <span class='ocrx_word' id='word_1_220' title='bbox 379 3399 521 3482; x_wconf 84' lang='lat' dir='ltr'>probare.</span> <span class='ocrx_word' id='word_1_221' title='bbox 585 3399 658 3473; x_wconf 88' lang='lat' dir='ltr'>Vel,</span> <span class='ocrx_word' id='word_1_222' title='bbox 692 3401 783 3463; x_wconf 88' lang='lat' dir='ltr'>Addo</span> <span class='ocrx_word' id='word_1_223' title='bbox 802 3401 843 3474; x_wconf 14' lang='lat' dir='ltr'>,in</span> <span class='ocrx_word' id='word_1_224' title='bbox 875 3398 934 3478; x_wconf 84' lang='lat' dir='ltr'>effe</span> <span class='ocrx_word' id='word_1_225' title='bbox 959 3398 1110 3472; x_wconf 80' lang='lat' dir='ltr'>omissum,</span> 
     </span>
    </p>

    <p class='ocr_par' dir='ltr' id='par_1_14' title="bbox 208 3485 1197 3824">
     <span class='ocr_line' id='line_1_33' title="bbox 208 3485 1113 3578; baseline -0.004 -27"><span class='ocrx_word' id='word_1_226' title='bbox 208 3546 220 3551; x_wconf 84' lang='lat'>..</span> <span class='ocrx_word' id='word_1_227' title='bbox 235 3487 442 3569; x_wconf 75' lang='lat' dir='ltr'>qaodmegic</span> <span class='ocrx_word' id='word_1_228' title='bbox 453 3486 572 3569; x_wconf 84' lang='lat' dir='ltr'>placet,</span> <span class='ocrx_word' id='word_1_229' title='bbox 591 3486 660 3578; x_wconf 80' lang='lat' dir='ltr'>sup-</span> <span class='ocrx_word' id='word_1_230' title='bbox 692 3485 763 3570; x_wconf 82' lang='lat' dir='ltr'>quia</span> <span class='ocrx_word' id='word_1_231' title='bbox 780 3495 869 3547; x_wconf 79' lang='lat' dir='ltr'>antea</span> <span class='ocrx_word' id='word_1_232' title='bbox 883 3487 915 3547; x_wconf 91' lang='lat' dir='ltr'>in</span> <span class='ocrx_word' id='word_1_233' title='bbox 923 3488 1034 3550; x_wconf 79' lang='lat' dir='ltr'>incerto</span> <span class='ocrx_word' id='word_1_234' title='bbox 1038 3506 1113 3569; x_wconf 77' lang='lat' dir='ltr'>pro·</span> 
     </span>
     <span class='ocr_line' id='line_1_34' title="bbox 233 3569 1112 3654; baseline 0 -22"><span class='ocrx_word' id='word_1_235' title='bbox 233 3572 302 3652; x_wconf 86' lang='lat' dir='ltr'>ple:</span> <span class='ocrx_word' id='word_1_236' title='bbox 316 3569 419 3654; x_wconf 79' lang='lat' dir='ltr'><em>studio</em></span> <span class='ocrx_word' id='word_1_237' title='bbox 435 3583 466 3633; x_wconf 86' lang='lat' dir='ltr'>et</span> <span class='ocrx_word' id='word_1_238' title='bbox 482 3569 605 3654; x_wconf 81' lang='lat' dir='ltr'>confilie,</span> <span class='ocrx_word' id='word_1_239' title='bbox 618 3579 657 3632; x_wconf 90' lang='lat' dir='ltr'>vt</span> <span class='ocrx_word' id='word_1_240' title='bbox 689 3569 841 3653; x_wconf 79' lang='lat' dir='ltr'>pofitlom&#39;s</span> <span class='ocrx_word' id='word_1_241' title='bbox 869 3571 931 3634; x_wconf 84' lang='lat' dir='ltr'>iam</span> <span class='ocrx_word' id='word_1_242' title='bbox 965 3572 1112 3643; x_wconf 80' lang='lat' dir='ltr'>adfuerat,</span> 
     </span>
     <span class='ocr_line' id='line_1_35' title="bbox 233 3652 1113 3740; baseline 0 -23"><span class='ocrx_word' id='word_1_243' title='bbox 233 3655 310 3719; x_wconf 83' lang='lat' dir='ltr'>iusta</span> <span class='ocrx_word' id='word_1_244' title='bbox 332 3652 370 3718; x_wconf 86' lang='lat' dir='ltr'>fit</span> <span class='ocrx_word' id='word_1_245' title='bbox 393 3655 544 3740; x_wconf 79' lang='lat' dir='ltr'>oppositio</span> <span class='ocrx_word' id='word_1_246' title='bbox 575 3657 658 3717; x_wconf 81' lang='lat' dir='ltr'>inter</span> <span class='ocrx_word' id='word_1_247' title='bbox 692 3656 879 3734; x_wconf 81' lang='lat' dir='ltr'>etsubscribo</span> <span class='ocrx_word' id='word_1_248' title='bbox 895 3676 1113 3728; x_wconf 71' lang='lat' dir='ltr'>memo,</span> 
     </span>
     <span class='ocr_line' id='line_1_36' title="bbox 233 3736 1197 3824; baseline -0.001 -22"><span class='ocrx_word' id='word_1_249' title='bbox 233 3741 440 3803; x_wconf 86' lang='lat' dir='ltr'>eruditionem</span> <span class='ocrx_word' id='word_1_250' title='bbox 498 3736 658 3803; x_wconf 77' lang='lat' dir='ltr'>turbatam</span> <span class='ocrx_word' id='word_1_251' title='bbox 692 3743 745 3824; x_wconf 89' lang='lat' dir='ltr'>qui</span> <span class='ocrx_word' id='word_1_252' title='bbox 767 3741 901 3809; x_wconf 83' lang='lat' dir='ltr'>restituit</span> <span class='ocrx_word' id='word_1_253' title='bbox 924 3742 1111 3824; x_wconf 83' lang='lat' dir='ltr'>negatiuam,</span> <span class='ocrx_word' id='word_1_254' title='bbox 1194 3754 1197 3761; x_wconf 86' lang='lat'>&#39;</span> 
     </span>
    </p>

    <p class='ocr_par' dir='ltr' id='par_1_15' title="bbox 175 3824 1114 3992">
     <span class='ocr_line' id='line_1_37' title="bbox 181 3824 1111 3913; baseline -0.001 -27"><span class='ocrx_word' id='word_1_255' title='bbox 181 3898 186 3913; x_wconf 27' lang='grc' dir='ltr'><strong><em>ι</em></strong></span> <span class='ocrx_word' id='word_1_256' title='bbox 225 3824 658 3908; x_wconf 78' lang='lat' dir='ltr'>studie,&#39;et,vatlllaatemper</span> <span class='ocrx_word' id='word_1_257' title='bbox 692 3828 980 3909; x_wconf 60' lang='lat' dir='ltr'>queeffexciderat,</span> <span class='ocrx_word' id='word_1_258' title='bbox 1003 3838 1035 3885; x_wconf 83' lang='lat' dir='ltr'>et</span> <span class='ocrx_word' id='word_1_259' title='bbox 1057 3824 1111 3895; x_wconf 85' lang='lat' dir='ltr'>est,</span> 
     </span>
     <span class='ocr_line' id='line_1_38' title="bbox 175 3907 1114 3992; baseline -0.005 -20"><span class='ocrx_word' id='word_1_260' title='bbox 175 3912 183 3935; x_wconf 85' lang='lat'>¹</span> <span class='ocrx_word' id='word_1_261' title='bbox 232 3929 376 3975; x_wconf 80' lang='lat' dir='ltr'>errorem.</span> <span class='ocrx_word' id='word_1_262' title='bbox 397 3910 431 3978; x_wconf 83' lang='lat' dir='ltr'>L.</span> <span class='ocrx_word' id='word_1_263' title='bbox 650 3954 659 3961; x_wconf 95' lang='lat'>-</span> <span class='ocrx_word' id='word_1_264' title='bbox 691 3912 729 3975; x_wconf 78' lang='lat' dir='ltr'>ad</span> <span class='ocrx_word' id='word_1_265' title='bbox 746 3907 875 3992; x_wconf 67' lang='lat' dir='ltr'>Octauii</span> <span class='ocrx_word' id='word_1_266' title='bbox 894 3921 1032 3976; x_wconf 82' lang='lat' dir='ltr'>mentem</span> <span class='ocrx_word' id='word_1_267' title='bbox 1059 3927 1114 3969; x_wconf 82' lang='lat' dir='ltr'>ne-</span> 
     </span>
    </p>
   </div>
   <div class='ocr_carea' id='block_1_8' title="bbox 0 0 1563 4825">
    <p class='ocr_par' dir='ltr' id='par_1_16' title="bbox 0 0 1563 4825">
     <span class='ocr_line' id='line_1_39' title="bbox 0 0 1563 4825; baseline 0 0"><span class='ocrx_word' id='word_1_268' title='bbox 0 0 1563 4825; x_wconf 95' lang='lat' dir='ltr'> </span> 
     </span>
    </p>
   </div>
   <div class='ocr_carea' id='block_1_9' title="bbox 1019 3989 1382 4058">
    <p class='ocr_par' dir='ltr' id='par_1_17' title="bbox 1019 3989 1382 4058">
     <span class='ocr_line' id='line_1_40' title="bbox 1019 3989 1382 4058; baseline 0.006 -2"><span class='ocrx_word' id='word_1_269' title='bbox 1019 3991 1111 4058; x_wconf 69' lang='lat' dir='ltr'>cefle-</span> <span class='ocrx_word' id='word_1_270' title='bbox 1174 4030 1177 4035; x_wconf 94' lang='lat'><em>-</em></span> <span class='ocrx_word' id='word_1_271' title='bbox 1368 3989 1382 4003; x_wconf 68' lang='grc'><strong>“</strong></span> 
     </span>
    </p>
   </div>
  </div>
 </body>
</html>
