3109 4825
398 581 404 608 ζ
468 457 540 600 aar
592 447 915 586 rraucrsor
940 505 1252 610 uniuvnu.

437 719 442 724 ·
466 724 540 776 nos
560 721 639 773 aras
654 691 890 783 exstruxisse:
922 696 1127 856 Nam-quid
1149 698 1226 777 hoc
1251 701 1355 780 aliud

414 817 418 833 '
446 787 539 901 est,
567 825 676 900 quarn
692 823 856 875 errorem
873 797 1059 878 confiteri.
1092 803 1352 884 Talemxaram

401 969 404 976 ,
468 903 599 981 Paulus
624 903 785 980 Athenis
807 900 932 979 vidille
953 901 988 1014 le
1009 911 1075 1004 ait,
1101 924 1137 980 et
1160 931 1207 980 ex
1231 933 1273 983 ea
1295 906 1353 986 su-

466 1013 535 1084 mit
547 1023 805 1107 argumentum
821 1006 1103 1083 conuincendae
1119 1009 1230 1085 huius
1240 1017 1352 1122 igno

465 1116 633 1209 rantiae,
680 1106 1013 1210 docendorumque
1050 1109 1349 1204 Athenienhum.

465 1213 598 1312 Neque
619 1220 660 1288 in
690 1211 817 1289 Attica
848 1210 984 1312 modo,
1020 1210 1082 1288 scd
1109 1234 1145 1289 et
1174 1223 1215 1290 in
1246 1218 1350 1304 Elide

324 1393 328 1398 .
465 1314 568 1393 luiile
589 1340 669 1392 aras
687 1323 737 1391 ita
757 1314 966 1417 inscriptas,
993 1315 1089 1392 testis
1113 1316 1164 1392 est
1184 1323 1204 1361 ³*
1221 1321 1350 1399 Paula-

464 1428 557 1497 nias,
607 1423 653 1498 Et
681 1414 826 1495 fortatle
853 1418 977 1519 postea
1000 1418 1199 1520 Ollauius‚
1231 1448 1348 1523 quum

349 1523 352 1530 ’
465 1522 604 1602 docere
621 1522 828 1620 Caecilium
852 1520 1021 1621 instituit,
1051 1523 1152 1599 Pauli
1173 1528 1347 1628 eriemplo

464 1626 552 1703 inde
573 1632 717 1727 repetiit
736 1623 820 1700 suae
846 1623 1083 1702 catecheseos
1107 1624 1153 1702 de
1173 1636 1254 1706 veri
1273 1633 1346 1708 Dei

437 1736 685 1832 'cognitione
701 1733 933 1828 principium.
1221 1762 1224 1770 ·
1340 1785 1344 1794 .

516 1830 610 1908 lllud
630 1856 780 1931 quoque
804 1836 940 1906 mirum
960 1824 1076 1906 videri
1099 1827 1227 1933 pollet,
1249 1829 1344 1918 Oe.

463 1937 590 2014 cilium
612 1934 781 2035 gloriari,
808 1960 892 2035 quae
910 1935 1004 2036 apud
1020 1935 1103 2009 ulios
1117 1935 1262 2038 populos
1269 1937 1344 2040 stn-

461 2038 544 2141 gula
567 2040 702 2112 nurnine
722 2037 897 2136 solatiatur,
932 2033 1084 2139 vultuosa
1109 2041 1237 2115 Romae
1264 2040 1325 2118 coli
1332 2070 1344 2119 .·

462 2141 556 2218 nihil
572 2158 614 2219 vt
637 2136 803 2240 superfit,
827 2164 938 2239 quarn
956 2159 996 2219 vt
1017 2138 1122 2215 suunt
1147 2144 1344 2222 Pantheon

437 2257 440 2262 “
462 2242 624 2349 gloriose
647 2241 813 2322 ostentet.
864 2238 979 2342 Atqui
998 2241 1162 2320 obstabat
1185 2244 1245 2321 lex
1269 2249 1363 2326 Ro·-

462 2348 574 2449 muli,
605 2372 697 2450 quae
719 2350 934 2450 peregrinos
960 2340 1050 2425 deos
1077 2348 1153 2426 coli
1184 2351 1343 2431 vetabat.

205 2498 209 2507 ·
303 2458 309 2463 ’
380 2534 384 2541 ,
462 2452 641 2533 Obstabat
668 2453 864 2555 Ciceronis
887 2447 1086 2549 sententia,
1118 2456 1181 2552 qui
1209 2454 1343 2532 confu-

344 2546 347 2551 ’
458 2551 602 2634 sionem
629 2555 854 2657 religionum
885 2555 1022 2653 alioqui
1058 2553 1139 2632 fore
1167 2581 1343 2658 pronun·

326 2647 331 2661 ¹
458 2666 535 2737 tiat.
587 2656 657 2735 Sed
688 2664 904 2760 peregrinos
933 2655 1078 2735 fortasse
1101 2685 1181 2736 non
1202 2659 1342 2773 iudica-

452 2762 569 2861 hant,
610 2768 697 2863 quia
723 2766 798 2839 iarn
829 2776 932 2836 erant
960 2761 1107 2861 pubhce
1136 2771 1273 2864 acciti,-
1304 2782 1342 2843 et

456 2865 575 2943 veluti
600 2872 747 2943 ciuitate
764 2861 901 2940 donari
952 2866 1012 2940 Sic
1027 2866 1113 2942 vrbs
1134 2868 1216 2966 illa,
1269 2895 1340 2946 uae

456 2969 503 3046 ab
527 2967 727 3045 Athenaeo
746 2965 834 3066 (lib.
851 2968 877 3042 1.
891 2992 969 3067 cap.
985 2969 1120 3072 XVll.)
1141 2968 1229 3046 scite'
1272 2973 1341 3051 'lta'

424 3127 427 3137 ·
457 3088 537 3149 erat
555 3068 702 3169 ὴιτομῆ
719 3069 978 3159 vitulamina,
1010 3069 1095 3149 salse
1118 3071 1182 3150 abs
1206 3076 1367 3154 Theo-'-

454 3172 705 3277 philo-nostro
722 3188 806 3248 ante
831 3176 991 3248 Minucii
1013 3194 1187 3277 aetatem,
1215 3180 1340 3280 appel.

453 3280 526 3356 lata
546 3273 597 3353 est
617 3278 759 3374 ἐπιτομὴ
782 3277 848 3366 τῆς
871 3266 1133 3373 δεισιδαιμονίας.
1183 3283 1283 3357 Nam
1301 3298 1341 3360 et

455 3378 707 3456 Tertullianus
762 3377 809 3455 de
831 3377 1052 3481 spectaculis
1072 3408 1104 3461 c.
1125 3383 1211 3485 Vl.)
1236 3383 1338 3464 dixe-

453 3499 529 3581 rat,
561 3484 597 3556 in
616 3506 655 3556 ea
673 3482 798 3556 corradi
820 3507 836 3556 e
863 3494 1052 3560 conuentum
1077 3486 1357 3591 daemoniorum

454 3590 669 3684 curiamque
695 3584 863 3662 deorum.
914 3589 1058 3665 interea
1088 3615 1171 3668 non
1194 3604 1337 3669 temere

452 3687 610 3791 adiecit,
649 3688 727 3766 illic
757 3684 903 3791 quiduis
932 3691 1084 3794 colere,
1124 3701 1182 3771 ius
1216 3691 1335 3797 inille,
