3109 4825
473 505 948 586 ‚PRAEFATIQ

245 700 345 786 dent
355 690 529 791 sore,sed
537 693 667 785 etiarn,
680 692 854 780 etmulto
864 694 1027 807 quidem
1035 695 1172 790 marris,
1219 701 1225 706 '

248 813 300 899 ad
317 810 519 897 dotirinae
532 806 633 890 utilis
649 805 830 997 copiam,
856 808 906 891 ad
920 834 1039 919 quarn
1051 766 1172 919 ipianr

247 950 290 1011 et
317 920 583 1032 expetendam
609 916 811 1027 paulatini
842 918 1100 1016 allicerentur,
1132 947 1172 1008 et

249 1032 566 1144 comparandam
592 1028 888 1115 adducerentur.
1007 1049 1010 1064 ·

607 1182 615 1191 ·
658 1197 661 1202 -
702 1173 710 1214 r

202 1268 208 1285 ⁸
308 1266 458 1382 Neque
489 1263 596 1351 enirn
628 1258 813 1377 profetio
852 1263 930 1350 dici
968 1263 1051 1351 hoc
1080 1295 1196 1378 vere¹

208 1447 210 1454 .
249 1377 396 1493 potest,
423 1407 508 1463 non
531 1377 674 1464 habere
690 1376 921 1462 Dotionrm
934 1379 1075 1464 veteris
1095 1379 1173 1465 Ec-
1310 1373 1315 1394 '

175 1545 183 1552 —
246 1490 383 1579 crestae
403 1490 545 1587 libros,
578 1517 662 1610 quo
684 1488 875 1602 poffinrus
900 1492 942 1577 in
971 1493 1086 1578 omni
1107 1509 1205 1605 ge*

231 1633 340 1691 'nere
363 1603 584 1698 doetrinae,
620 1604 733 1715 quod
759 1603 901 1694 habeat
920 1604 1090 1717 aliquam
1109 1603 1173 1691 vel

246 1735 340 1805 curn
365 1716 555 1829 religione
583 1714 928 1811 coniunfflonenr,
956 1717 1020 1804 vel
1046 1718 1096 1803 ad
1117 1715 1172 1804 sa-

246 1859 356 1919 cram
369 1828 569 1917 scientiam
584 1829 941 1915 benetrauandam
952 1830 1171 1925 utilitatem,

184 1959 186 1971 '
246 1944 379 2030 iuuari.
434 1943 626 2053 Longum
638 1937 740 2027 soret
764 1939 1048 2034 demonstrare,
1073 1944 1171 2055 quid

214 2103 218 2108 v
247 2059 296 2143 ab
318 2057 365 2143 iis
386 2052 563 2168 praefidii
585 2054 947 2167 adrTheologiarn,
982 2055 1033 2139 ad
1051 2053 1170 2140 inter·
1304 2097 1312 2116 ·

225 2244 237 2269 „
277 2171 512 2253 retationem
542 2169 831 2279 Scripturarum
860 2164 1077 2261 sacrarum,
1118 2168 1169 2254 ad

247 2197 396 2366 iacram
430 2278 663 2391 ciuilemque
702 2278 928 2375 historiam,
968 2281 1018 2366 ad
1054 2280 1169 2366 Geo-

248 2391 456 2508 ‘graphiam
493 2400 721 2503 Vtramque,
768 2394 819 2479 ad
858 2393 946 2479 alias
985 2418 1085 2480 artes
1121 2424 1169 2482 ac

250 2503 489 2619 disciplinas,
507 2526 556 2595 ‘et
569 2505 801 2614 quomodo,
830 2509 912 2614 peti
924 2505 1051 2615 poffit.
1106 2508 1169 2592 ln-

192 2632 223 2643 ”
249 2622 349 2732 regri
376 2617 668 2721 Commentarii
696 2616 779 2701 hoc
805 2635 1079 2729 argumentum
1105 2616 1170 2714 est,

209 2828 212 2833 ,
251 2760 373 2845 quern
391 2758 500 2818 nunc
520 2759 606 2815 non
623 2727 836 2818 scribimus.
893 2727 968 2815 Ad·
985 2727 1173 2840 eloquen-

175 2906 190 2955 .·
249 2849 346 2933 tiam
372 2872 479 2939 eam,
512 2871 589 2956 qua
623 2843 666 2928 in
691 2839 849 2955 templis
883 2841 941 2929 vti
969 2843 1169 2939 conuenit,

251 2982 438 3072 ‹urantam
464 2958 625 3069 cupiam
645 2982 798 3050 rerum,
831 2979 1169 3068 argumentorum,

180 3078 183 3083 ’
250 3068 427 3184 inprirnis
448 3071 720 3198 popularium,
750 3065 1026 3186 sententiarum
1046 3071 1171 3158 marri·¹
1308 3090 1311 3095 ’

250 3214 318 3270 me
338 3208 599 3294 optimarum,
631 3207 749 3268 ettam
769 3207 969 3275 acutarum
989 3206 1030 3268 et
1046 3212 1170 3269 venu.

249 3296 412 3392 starum,
445 3293 706 3409 suppeditabit
734 3324 780 3379 ea
805 3294 921 3380 leeiin
943 3296 1046 3382 reiie
1067 3295 1171 3383 insti-

251 3435 351 3514 tuta,
398 3408 481 3493 hoc
508 3405 578 3510 est,
603 3403 633 3492 fi
660 3407 822 3503 durior,
842 3411 884 3494 in
909 3408 991 3494 huc
1027 3437 1172 3521 genere

252 3522 445 3609 librarum
478 3518 665 3626 versatur,
698 3522 953 3626 indicauerit,
998 3521 1096 3631 quid
1128 3523 1172 3607 in

252 3654 532 3747 unoquoque
563 3628 609 3718 stt
635 3633 686 3749 ad
718 3632 823 3720 hanc
849 3635 1043 3719 rationem
1067 3632 1172 3718 vtile.

214 3826 221 3835 „
255 3748 355 3838 Sunt
374 3748 536 3837 enimin
558 3745 641 3837 hoc
655 3775 807 3951 genereb
816 3745 903 3834 sane
929 3745 1043 3833 multi
1057 3764 1180 3874 egre:
1212 3820 1214 3824 .
1308 3752 1312 3759 ’
1352 3752 1364 3767 ”

767 3930 772 3941 .
950 3940 995 3951 ,,
1121 3877 1175 3966 gu
1264 3870 1274 3959 f

1225 3980 1236 3999 l

988 4032 991 4037 Ι
1268 4056 1279 4079 Ιι

1101 4090 1105 4112 Ι

947 4036 1322 4244 ..ι

1062 4210 1170 4231 ’.Ι

1035 4320 1046 4337 ,

995 4368 1072 4419 „
