3109 4825
384 513 442 582 Ν
529 503 1006 642 ntssnnrAmo
1115 546 1190 626 ²79

305 734 414 810 quam
443 716 560 810 togati
585 707 657 786 else
684 708 858 789 solerent:
889 728 1014 787 tamen
1035 715 1121 809 quia
1140 715 1187 788 iis
1265 775 1267 780 .
1355 687 1357 696 Ι

305 812 512 912 respublica
540 811 644 914 saepe
671 840 797 890 carere
823 839 904 890 non
926 828 1088 915 poterat,
1121 813 1185 900 ali-

305 913 454 1012 quando
482 933 630 1015 togatos
652 912 723 992 else
751 942 838 1016 eos,
864 935 1052 995 eteorum
1072 939 1186 1013 quos·

305 1015 391 1091 dam
413 1016 563 1116 aliquod
584 1025 624 1092 in
641 1019 783 1120 republ.
805 1044 940 1095 munus
963 1018 1067 1096 obire
1096 1012 1184 1116 palli

304 1116 456 1208 subinde
473 1117 556 1196 sunt
581 1120 720 1197 ethnici
739 1128 935 1223 principes,
985 1116 1183 1207 Christiani

303 1227 543 1322 imperatores
563 1221 696 1300 deinde
722 1227 841 1302 multo
865 1222 967 1300 suere
988 1220 1184 1322 indulgen-

303 1329 437 1424 tiores,
476 1331 540 1424 qui
565 1352 630 1405 eos
660 1345 697 1404 et
722 1326 893 1406 consules
919 1342 956 1402 et
972 1322 1182 1503 praefeblos

303 1427 388 1503 vrbi
405 1447 514 1527 atque
535 1436 644 1514 etiam
667 1437 853 1532 practorio
875 1436 971 1505 inter
995 1454 1060 1503 um
1080 1451 1206 1520 crea·¹

303 1529 413 1628 bant,
453 1556 548 1631 quos
580 1535 717 1632 alioqui
747 1559 828 1610 non
859 1531 1081 1633 ignorabant
1109 1526 1188 1606 elle

303 1640 503 1710 acerrimos
517 1632 640 1713 hostes
661 1636 873 1737 religionis,
899 1633 1001 1735 quod
1023 1632 1181 1734 intelligi

301 1734 420 1837 potest
434 1738 494 1813 vel
517 1764 562 1813 ex
585 1745 694 1815 unius
716 1739 931 1841 Symmachi
949 1735 1178 1813 conditione.

301 1837 373 1914 Sed
386 1838 469 1917 faur
482 1840 631 1916 tandem
649 1835 846 1942 aliquando
859 1839 941 1916 sunt
961 1839 1178 1936 seueriores‚
1293 1877 1295 1882 ·

301 1958 340 2016 et
361 1940 524 2018 senatum
548 1942 744 2044 lorumque
775 1946 883 2021 Rom.
910 1958 1180 2044 perpurgarunt

301 2061 339 2119 et
360 2048 551 2121 Minucios
580 2046 761 2147 quosdam
791 2044 861 2123 esse
878 2043 1070 2146 iniierunt,
1100 2050 1181 2144 qui·

301 2172 462 2247 cumque
479 2149 539 2223 vel
561 2156 616 2224 ius
641 2148 825 2248 dicerent,
849 2151 910 2227 vel
933 2145 1068 2225 caussas
1094 2173 1179 2246 age·
1240 2151 1242 2160 '

301 2268 396 2327 rent.
447 2248 564 2326 Aram
584 2250 788 2349 moriae,
821 2276 915 2350 quae
936 2257 978 2325 in
997 2248 1178 2326 vestibulo

302 2360 427 2430 curiae
442 2350 572 2454 stabat,
599 2370 635 2430 et
650 2352 694 2429 ad
711 2379 820 2455 quam
832 2352 975 2429 senatus
990 2358 1110 2427 iurare
1125 2368 1186 2427 at-·

301 2481 375 2555 que
390 2453 592 2531 sacrificare
614 2455 772 2555 solebat,
796 2454 1012 2557 iampridem
1037 2471 1179 2530 euerte-
1203 2520 1205 2525 .

299 2574 402 2657 rant,
428 2556 506 2659 ipso
521 2565 631 2635 etiam
655 2574 692 2636 et
711 2559 972 2660 *Symmacho
995 2575 1032 2633 et
1052 2555 1178 2632 senatu

299 2663 535 2738 reclamante.
586 2660 656 2739 Sed
685 2661 891 2760 effecerunt
910 2658 1114 2763 postremo,
1136 2674 1178 2734 vt

301 2789 383 2840 non
402 2762 519 2841 modo
543 2790 565 2841 a
587 2766 649 2842 tali
671 2763 924 2867 superstitione
940 2758 1178 2839 liberielsent

302 2890 433 2945 omnes
455 2875 599 2969 togati,
621 2866 683 2944 sed
711 2875 821 2944 etiam
842 2884 883 2943 vt
905 2865 1006 2942 nulla
1029 2872 1070 2940 in
1089 2864 1176 2944 soro
1256 2904 1259 2909 ·

298 2964 367 3046 nist
381 2969 574 3048 christiana
596 2968 683 3048 esset
703 2973 765 3048 illa
787 2967 1090 3074 iurisprudentia‚
1116 2993 1180 3043 cu·
1277 3062 1279 3067 Ι
1374 3012 1378 3017 -

299 3079 358 3149 ius
370 3080 443 3151 iam
458 3075 548 3151 olim
561 3075 682 3176 aliqua
695 3081 737 3150 in
755 3076 929 3152 Minucio
953 3069 1080 3150 nostr'o
1101 3065 1181 3146 effi·
1309 3088 1315 3104 ·

299 3183 378 3278 gies
392 3174 518 3253 suerat.
1027 3270 1029 3281 Ι

353 3281 562 3355 Minuciani
574 3279 681 3355 huius
695 3277 809 3355 libelli
819 3277 1033 3380 inscriptio5
1054 3293 1092 3353 et
1104 3273 1180 3353 dia·
1272 3282 1274 3289 '

300 3383 381 3483 logi
405 3381 554 3481 forma,
590 3389 789 3482 antiquum·
814 3380 1066 3481 eruditumque
1096 3377 1182 3456 scri·

256 3482 260 3491 ’
299 3483 413 3561 bendi
433 3510 579 3562 morem
601 3483 723 3561 refert.
794 3484 931 3561 Genus
959 3481 1107 3561 dicendi
1130 3479 1180 3557 est

732 3588 806 3685 84
995 3604 1179 3687 argutum,

267 3792 270 3797 ·
309 3782 312 3789 ·
345 3756 595 3844 *Symmachus
613 3757 664 3823 tit.
682 3760 723 3825 X.
759 3737 1138 3832 lentinum'l'heodostum
1148 3763 1181 3816 et

300 3843 727 4014 attilanum
949 3844 1047 3992 rr·
