3109 4825
208 478 225 624 s
362 503 438 629 aaa
487 487 1120 635 fnnrtctsmanrnvntr
1237 503 1243 518 '

355 734 509 804 nitatem
524 723 611 801 salse
626 722 805 823 traducit,
826 720 957 799 iisdem
981 729 1092 799 etiam
1114 724 1246 803 verbis
1265 725 1267 730 ’

355 828 460 929 vius,
497 830 631 929 quibus
668 828 880 929 Cyprianus
899 833 947 932 in
975 825 1108 906 eodem
1133 851 1243 929 atgaf

212 943 215 954 '
355 948 486 1012 mento
523 939 647 1008 vtitur.
699 927 831 1030 Ne'que
859 953 952 1006 vero
981 926 1139 1005 difficilis
1171 933 1243 1010 fuit

356 1031 613 1136 reprehensto‚
643 1058 759 1133 quum
776 1028 926 1132 quidem
941 1050 979 1106 et
997 1028 1108 1132 ipsius
1128 1034 1240 1111 Cice-

256 1181 260 1196 ·
354 1146 458 1215 ronis
474 1138 557 1213 libri
577 1135 623 1213 de
640 1138 781 1213 Natura
797 1133 953 1211 deorum
972 1134 1089 1211 veluti
1111 1129 1240 1215 suffra·

203 1265 207 1280 ·
354 1257 540 1346 garentur.
590 1242 688 1316 Nam
707 1256 744 1314 et
758 1237 950 1315 Arnobius
972 1236 1060 1338 (lib.
1078 1240 1138 1314 111.
1183 1240 1238 1318 ost

235 1402 238 1408 a
351 1343 604 1446 principium)
624 1340 721 1422 testis
744 1339 812 1440 est,
836 1357 1032 1441 propterea
1052 1266 1236 1441 quostiam

225 1447 230 1480 ³
353 1444 650 1526 Christianorum
672 1442 796 1522 hostes
828 1442 1027 1543 aliquando
1052 1443 1234 1550 mufflaffi,

270 1613 271 1618 ,
351 1546 454 1625 libros
470 1548 541 1624 illos
556 1542 775 1651 t'uffirfimatus
791 1542 964 1622 abolendos
985 1560 1085 1651 atque
1104 1575 1235 1624 concre-

350 1651 489 1730 mandos
503 1650 567 1755 effe
621 1646 746 1750 Quid?
769 1673 830 1725 res
845 1645 940 1749 ipsa,
965 1675 1059 1749 quae
1073 1649 1139 1728 abs
1156 1649 1232 1730 suis
1283 1719 1290 1738 ,

349 1779 502 1856 quoque
534 1754 738 1830 cultoribus
760 1751 811 1828 est
850 1749 953 1828 irrisa
979 1751 1107 1929 {nulla
1130 1761 1233 1832 enirn

350 1881 517 1958 vnquarn
531 1855 672 1933 ihtltior
687 1871 796 1957 atque
809 1859 971 1955 ineptior
999 1855 1107 1931 abula
1120 1857 1232 1935 vilius

349 1956 611 2059 superstitionis
640 1956 736 2061 fuit)
780 1957 878 2037 vltro
915 1955 988 2035 sese
1029 1957 1232 2037 refellebat*

349 2059 422 2138 Sed
439 2077 475 2138 et
499 2060 601 2161 quod
624 2062 700 2137 huc
721 2060 946 2163 perfluebat,
972 2059 1078 2137 facile
1099 2059 1165 2138 des
1201 2068 1210 2082 ⁰
1253 2105 1256 2110 ,

346 2163 435 2242 bere
459 2170 581 2267 potuit
600 2167 792 2242 Minucius
815 2189 861 2239 ex
881 2165 1140 2265 Tertulliarm,
1171 2166 1231 2242 lu-

203 2301 207 2308 ·
346 2265 462 2370 stino,
510 2265 773 2369 Athenagora,
823 2266 1067 2369 Theophilo:
1113 2283 1155 2348 vt
1191 2284 1230 2348 et

233 2391 240 2423 ·’
345 2371 470 2475 postea
494 2397 542 2450 ex
562 2374 736 2450 Minucio
758 2368 972 2470 ArnobiuS‚
1004 2370 1229 2475 Laetantius,

329 2464 585 2575 'Ambrofius,
624 2473 874 2578 Augustinus,
910 2499 1028 2574 quum
1058 2473 1227 2555 eamdem

346 2576 505 2656 caussam
521 2595 681 2680 agerent.
734 2577 858 2656 Certe·
867 2575 970 2676 quod
985 2576 1164 2655 Otiauius
1179 2578 1227 2674 de·

345 2682 505 2783 Saturno
526 2698 665 2782 narrat,
696 2679 905 2758 La&antius
925 2676 1044 2781 ipsurn
1063 2685 1228 2760 Minuci-

188 2843 198 2863 „
230 2788 233 2795 '
345 2811 411 2861 urn
425 2785 610 2863 audiorenr
624 2781 774 2859 laudans
788 2788 939 2882 repetit,
965 2782 1144 2886 latiusque
1161 2812 1225 2862 ex-

344 2894 452 2991 ponit
470 2888 532 2965 lib.
555 2891 581 2963 1.
607 2911 685 2986 cap.
706 2886 768 2959 XI.
823 2886 873 2959 Vt
895 2900 1018 2962 autem
1045 2886 1225 2968 Odiauius

345 3008 462 3069 totarn
473 2990 632 3067 fabulam
646 2989 838 3064 'Romanae
851 2985 1114 3088 superstitionis
1135 2990 1223 3070 salse

342 3090 549 3170 subsannat:
574 3087 624 3167 src
639 3087 850 3192 etipsorurn
864 3092 1125 3195 oraculorum,
1141 3101 1222 3195 qui-

342 3196 413 3273 bus
434 3213 625 3295 tantopere
651 3194 902 3297 gloriabantur
931 3196 1091 3297 ethnici,
1118 3205 1221 3275 vani·

341 3314 455 3376 tatem
471 3299 657 3398 eleganter
669 3295 844 3376 ostendit:
867 3323 911 3373 ac
926 3315 1009 3375 ante
1021 3298 1124 3376 suam
1139 3308 1223 3401 qui«

236 3436 239 3443 ·
341 3400 428 3478 dem
446 3415 603 3477 aetatem
618 3402 812 3480 oraculum
825 3398 1011 3502 Apollinis
1019 3404 1141 3506 Pythii
1157 3403 1220 3481 de-

339 3499 431 3579 sriffe
446 3500 640 3605 fignificat:
664 3500 767 3582 sicuti
789 3519 826 3580 et
847 3504 1063 3582 Plutarchus
1083 3505 1219 3586 fatetur

337 3623 415 3682 tetn
442 3607 569 3685 oribus
592 3607 748 3686 Adriani
770 3615 1002 3709 imperatoris
1022 3611 1131 3711 plane
1155 3609 1218 3687 de-

261 3708 264 3713 ’
337 3631 476 3788 feeiHe:
503 3713 562 3788 Sic
582 3719 681 3789 eninr
694 3737 783 3790 curn
798 3709 1013 3789 christianae
1025 3716 1219 3816 religionis

337 3819 473 3893 veritas
506 3813 747 3893 inualesceret
813 3813 955 3892 neceffe
986 3814 1056 3894 fuit
1079 3842 1216 3895 euane-

191 3906 447 4278 Ἷίοοῐε,
469 3916 708 4029 impostum
722 3876 890 4031 ,istorum
918 3922 999 4028 *vain
1015 3919 1215 4026 ,χςκηςῖωι

1056 4082 1059 4095 ·
1092 4025 1212 4107 Porro
