3109 4825
318 587 371 618 ,,
446 542 552 617 ‘320
633 517 636 522 ·
725 465 1069 600 ¹rerrsroan
1250 521 1253 526 ·

476 703 617 785 stimat:
668 681 826 778 'oleribus
856 701 1005 803 quidem
1041 702 1242 805 legendum
1273 732 1365 783 cen-

474 808 545 909 set,
585 801 647 881 sed
670 805 784 906 longe
808 807 900 906 alio,
923 832 1033 907 quam
1055 814 1191 883 caeteri
1210 834 1362 911 omnes,

375 994 378 1002 ,
473 909 589 988 sensu.
665 912 811 985 Etenim
849 935 935 985 cum
973 916 1069 986 inter
1101 938 1279 989 mammas
1324 932 1363 992 et

380 1013 385 1034 ¹
421 1051 426 1064 ·
474 1015 590 1093 u‘bera
626 1029 689 1089 aut
725 1012 896 1113 nullum,
947 1031 1011 1089 aut
1054 1040 1134 1089 non
1179 1013 1246 1091 nisi
1280 1023 1362 1094 ine-

475 1114 675 1221 ptiffimum
703 1113 896 1190 discrimen
917 1142 938 1191 a
963 1116 1223 1194 Grammaticis
1253 1117 1361 1198 statui

332 1236 364 1291 .’
473 1216 665 1299 reslissime
691 1216 946 1319 perspexiliet‚
995 1218 1156 1319 ideoque
1186 1226 1249 1297 vix
1280 1218 1359 1300 fine

475 1330 569 1402 vitio
593 1322 837 1421 tautologiam
865 1320 966 1397 iliam
994 1342 1177 1414 accurato
1197 1343 1233 1401 et
1262 1323 1360 1427 pres-

473 1426 533 1504 sae
571 1424 739 1501 diilionis
775 1422 943 1524 scriptori
975 1426 1086 1500 tribui
1114 1425 1236 1528 polle,
1275 1454 1358 1529 per-

392 1589 394 1594 .
468 1527 587 1632 'quarn
621 1524 814 1627 ingeniose
847 1554 1006 1601 molamus
1033 1528 1179 1629 inuitur,
1230 1529 1358 1607 uberes:

475 1659 537 1739 que
570 1634 712 1706 Dianae
757 1625 929 1730 Ephesiae
970 1629 1016 1706 de
1054 1634 1195 1731 turgidis
1235 1634 1358 1710 inulto-

474 1763 536 1841 qne
558 1734 637 1809 suile
655 1732 798 1833 distentis
821 1730 961 1807 censuit
981 1735 1225 1834 explicandas.
1261 1739 1355 1837 Quo

474 1836 625 1939 quidem
655 1832 801 1933 Vrsini,
848 1852 885 1911 et
915 1855 1101 1935 quotquot
1133 1845 1212 1914 eius
1250 1839 1357 1917 velii-

474 1948 536 2044 gia
565 1937 690 2041 postea
719 1939 887 2039 legerunt
923 1938 1149 2016 Criticorum
1178 1939 1356 2043 depraua-

474 2037 623 2122 tionem'
657 2059 781 2143 aperte
815 2037 981 2143 iugulat3
1032 2046 1199 2140 Minucii·
1228 2063 1355 2122 tamen

472 2163 640 2225 mentem
662 2143 814 2222 nonest
841 2143 1037 2245 assecutus,
1078 2146 1179 2246 quod
1198 2156 1353 2225 ¹recenti

379 2245 382 2254 ’
475 2269 513 2327 et
539 2249 780 2350 interpolatae
812 2247 984 2347 editioni,
1033 2274 1104 2349 qua
1134 2248 1226 2329 ususv
1250 2249 1354 2329 vide·

473 2367 552 2456 tur,
602 2350 713 2429 fidem
753 2369 892 2429 temere
927 2350 1142 2457 adhibuerit.
1220 2354 1353 2434 Caete-

471 2485 555 2535 rum
591 2455 664 2533 istis
700 2457 874 2534 omnibus
913 2461 954 2529 in
993 2454 1187 2558 perspicuo
1225 2460 1372 2534 Minu--

470 2569 520 2640 cii
549 2561 638 2640 loco
668 2562 830 2661 oculor,
881 2576 1116 2659 mentemque
1152 2562 1352 2662 glaucoma

474 2663 729 2769 praestrinxit,
780 2660 881 2765 quod
914 2688 1147 2762 nequaquam
1182 2665 1351 2766 explora-

470 2788 552 2846 tum
583 2769 781 2867 haberent,
814 2789 889 2864 quo
915 2761 1119 2866 significatu
1151 2794 1254 2844 unua
1285 2794 1350 2842 an-

470 2879 581 2972 tiquis
618 2871 766 2973 linguae
810 2871 962 2942 Latinae
1007 2869 1217 2947 audoribus
1249 2896 1350 2971 pro·

467 2982 547 3079 prie
569 2973 661 3051 diila
683 2988 906 3073 acceptaque
925 2968 1072 3049 suerint.
1126 2972 1226 3052 Cum
1244 2981 1349 3049 enim

462 3075 634 3156 ailatoria
663 3077 742 3173 illa,
768 3068 844 3149 siue
860 3072 1122 3175 transfixoria,
1148 3093 1189 3154 vt
1215 3077 1352 3178 Pupius

467 3197 601 3281 vocat,
646 3203 807 3279 quorum
830 3183 870 3253 in
894 3184 1056 3277 coquina
1081 3178 1166 3256 usus
1190 3177 1260 3279 est,
1313 3202 1351 3256 et

467 3310 563 3386 quae
604 3290 645 3357 in
681 3280 825 3357 Gallica
853 3285 1013 3358 Minucii
1045 3289 1347 3383 interpretatione

466 3393 602 3465 merito
630 3381 726 3459 ridet
760 3383 945 3486 Trpluuus,
977 3383 1022 3461 ad
1046 3388 1204 3462 Dianam
1227 3388 1349 3486 Ephe-

467 3486 556 3564 siam
586 3485 823 3585 extruendam
866 3487 959 3563 nihil
987 3488 1185 3590 quidquam
1224 3486 1348 3566 facere

467 3589 656 3686 viderent3
695 3618 778 3694 non
801 3588 867 3665 nisi
891 3591 937 3668 de
961 3601 1098 3670 verutis
1120 3588 1194 3666 siue
1217 3597 1348 3669 iaculis

467 3694 610 3770 Dianae
637 3700 832 3771 venatricis
861 3699 1078 3772 Minuciana
1102 3721 1206 3770 verua
1229 3703 1349 3797 accipi
1373 3766 1377 3775 .

467 3798 716 3904 explicarique
730 3795 831 3902 polle
847 3825 925 3878 vno
942 3824 1085 3899 omneS,
1100 3795 1203 3901 quod
1217 3805 1348 3977 rqirosr,

1167 3926 1307 3980 conen
1323 3929 1348 3979 u
