3109 4825
445 543 537 666 a92=
580 530 897 646 maxumae-1
920 529 1209 610 mximum

456 739 626 827 quart0‚'
642 714 773 824 Ipsina,
808 727 946 821 inquit,
985 749 1124 797 cremare
1153 722 1249 825 apud
1269 724 1345 800 Ro.

452 854 573 904 munos
590 824 735 928 uoufiu't
746 828 863 899 veteru
879 823 1036 925 afflati:
1062 825 1345 904 turucondebun-

457 944 524 1005 tur.
576 931 670 1003 Sane
691 927 943 1003 Tertullianus
960 925 1018 1002 »de
1052 927 1208 1005 Corona
1234 938 1343 1033 (cap.

419 1032 563 1133 ,'XII.)
582 1039 649 1131 ait,
677 1029 885 1108 Christiano
904 1057 983 1107 non
1007 1028 1145 1105 licuiffe
1163 1057 1343 1136 cremare,

462 1153 501 1211 et
515 1135 706 1236 (ineunte)
721 1134 815 1209 libro
832 1132 877 1208 de
892 1132 1033 1209 Resurr.
1043 1158 1140 1214 carn.
1154 1133 1249 1211 ridet
1263 1162 1342 1238 εοε,

460 1227 525 1339 qui
543 1235 751 1341 utrocffme,
776 1255 819 1312 vt
834 1242 900 1335 ait,
925 1249 1067 1334 exurunt
1080 1234 1252 1340 dasuuiios.

252 1335 256 1344 ’
369 1373 374 1390 ’
460 1359 462 1364 ·
513 1337 872 1441 Porro-Augustinus
891 1339 952 1414 lib.
968 1334 1167 1418 undecimo
1178 1339 1341 1420 confess.

411 1529 414 1540 ¹
461 1440 639 1544 significat
665 1449 705 1516 in
739 1437 892 1517 ecclesia
924 1438 1080 1520 Ostiensi
1114 1447 1357 1545 peculiarem·

461 1547 621 1647 aliquem
645 1553 753 1620 etiam
772 1542 875 1619 fuiffe
902 1570 1045 1621 morem
1067 1545 1342 1626 humandorum

460 1674 676 1752 corporum.
729 1644 794 1721 An
807 1653 837 1723 is
855 1671 1003 1746 quoque
1018 1654 1091 1723 iam
1107 1666 1186 1725 tum
1209 1658 1250 1725 in
1275 1651 1343 1729 vsu

456 1749 567 1850 estet,
600 1776 716 1850 quum
734 1750 786 1824 ibi
810 1769 934 1850 ageret
959 1754 1171 1854 Minucius,
1202 1752 1361 1848 nescios

462 1853 674 1932 Ridiculum
696 1855 810 1953 vero,
844 1850 946 1951 quod
964 1853 1341 1956 Caecilius‚.seuerus

427 1963 432 1980 ¹
462 1955 603 2033 scilieet
627 1953 777 2055 censor,
813 1954 1041 2034 Christianos
1063 1957 1225 2060 accusat,
1255 1967 1342 2059 quia

462 2086 585 2160 neque
606 2066 804 2160 vnguentis
825 2056 993 2160 delibuti,
1019 2087 1138 2160 neque
1159 2061 1259 2138 sertis
1286 2088 1343 2138 re-

439 2162 582 2240 ·dimiti
602 2160 723 2239 effent.
788 2165 946 2262 Mirum,
974 2163 1075 2263 quod
1097 2172 1236 2241 interea
1260 2193 1341 2242 non

369 2325 374 2334 -
409 2323 415 2340 x
462 2275 635 2368 miratur,
653 2280 656 2284 ’
673 2292 753 2343 eos·
771 2259 896 2341 tamen
918 2264 1002 2343 vsos
1029 2275 1102 2342 iam
1130 2287 1208 2344 tum
1239 2267 1342 2349 fuiffe

464 2371 552 2450 oleo
566 2388 603 2447 et
619 2368 821 2448 chrismate.
850 2395 852 2400 ·
874 2372 967 2447 Sane
989 2368 1166 2472 sobriam,
1192 2366 1340 2474 siccam,

462 2474 715 2577 frugalemque
728 2480 869 2574 vitam·
890 2473 967 2552 hoc
988 2472 1055 2575 est,
1083 2475 1127 2551 ab
1142 2483 1343 2577 vnguentis

465 2579 644 2679 alienam,
681 2572 746 2678 ipsi
779 2584 889 2653 etiam
920 2578 1059 2654 ethnici
1082 2577 1228 2655 laudare
1251 2579 1344 2658 sole·

464 2683 569 2759 bant:
596 2702 633 2757 et
646 2682 750 2756 Plato
765 2707 810 2755 ex
824 2678 884 2756 sua
896 2682 1096 2782 republica,
1124 2708 1233 2782 quam
1249 2690 1343 2785 opti·
1382 2752 1384 2757 .

465 2812 565 2861 mam
592 2784 659 2860 suo
688 2781 829 2859 iudicio
860 2780 986 2883 fingit}
1028 2786 1237 2862 Homerum
1262 2813 1343 2865 non

425 2940 428 2947 -
464 2894 564 2979 ¹eiicit
579 2883 645 2985 nisi
660 2899 855 2986 unguento
869 2883 1054 2986 perfusum
1071 2907 1107 2964 et
1126 2897 1227 2966 vittis
1249 2890 1344 2966 redi-

419 3076 422 3081 ,
464 2998 616 3091 mitum,
640 3006 695 3087 et,
720 3003 762 3062 vt
775 2987 839 3097 iiie
856 2986 979 3065 noster
991 2989 1166 3067 Oitauius
1188 2999 1238 3069 ait
1251 3021 1343 3068 coru-
1373 2996 1378 3005 ’

464 3108 601 3170 nutum:
630 3116 745 3192 quum
761 3087 980 3190 iigmficaret
992 3092 1063 3169 sese
1081 3095 1217 3171 habere
1240 3097 1343 3174 nolle

465 3204 568 3273 ciues
586 3211 660 3270 tam
680 3194 824 3271 molles.
876 3194 936 3271 Ac
956 3222 1003 3271 ne
1025 3198 1171 3299 longius
1190 3199 1342 3300 abeam,

354 3306 362 3319 '
465 3295 702 3400 Vespasianus
733 3295 930 3397 quemdam
958 3308 1156 3401 vnguentis
1192 3303 1343 3379 maden-

464 3416 561 3500 tem,
600 3410 637 3476 tt
674 3407 806 3504 gratias
842 3416 1012 3501 agentem
1047 3430 1117 3505 pro
1151 3410 1368 3507 impetrata¹

462 3502 714 3609 praesetiura,
753 3502 965 3604 auersatus,
1009 3506 1171 3608 Mallem,
1210 3516 1342 3609 inquit,

464 3608 577 3687 allium
595 3607 702 3685 oleru.
755 3605 825 3681 Sed
838 3605 924 3706 quid
948 3634 1027 3685 non
1049 3611 1227 3689 obiiceret
1248 3613 1353 3691 Cae-1

464 3714 592 3812 cilius,
626 3737 746 3812 quum·
772 3715 882 3785 etiam
919 3710 1146 3792 Christianos
1183 3715 1343 3813 a‘ecuset,

370 3852 381 3905 χ
463 3823 547 3916 quia
560 3814 671 3892 flores
684 3812 834 3889 naribus
848 3811 1121 3917 supponerent,
1146 3845 1217 3895 nec
1232 3825 1344 3920 capiti

289 3942 293 3949 ·
391 3946 399 3967 ²
444 3914 684 4029 ''cotomudo
712 3915 977 4023 imponerent?
1028 3917 1145 4024 Atqui
1170 3919 1246 4028 ipse
1267 3925 1343 4010 Lu-

447 4068 450 4073 ·
737 4072 742 4089 =
1213 4050 1341 4106 elanus
