3109 4825
329 529 348 562 Ι·
391 495 419 616 ἦ·
452 545 528 627 am
576 473 896 608 mancine]
922 520 1211 628 BALDV1N1
1298 633 1300 640 Ι

243 706 247 722 '
445 691 663 814 accepimus
681 705 852 813 prodiiffe
871 711 975 787 illum
999 685 1165 788 nostrum
1190 714 1214 759 '⁶
1228 714 1341 790 Meli.

454 834 612 916 tonem,
663 821 726 915 qui
759 814 806 890 ad
835 812 1127 893 Christianorum
1158 812 1341 897 detentio

453 943 569 1019 nem,
609 917 858 1018 eloquentiam
892 915 992 993 suam
1035 925 1245 995 conuertit:
1298 938 1341 997 vt

311 1085 314 1090 .
359 1013 390 1098 f
480 1020 558 1100 uod
587 1021 657 1096 illis
678 1027 813 1121 impius
833 1039 1053 1122 praeceptor
1075 1021 1255 1124 probrum
1277 1022 1340 1101 ad-

312 1135 346 1240 (¹⁴
454 1048 629 1228 pperserat
662 1121 944 1213 maledicendo,
985 1123 1108 1201 bonus
1139 1123 1342 1228 discipulus

455 1226 676 1326 abstergeret
690 1223 959 1327 respondendo.
1105 1255 1115 1272 ²

213 1405 219 1416 ,
311 1371 316 1402 ι
384 1401 386 1405 .
506 1332 715 1407 Minucium
726 1328 893 1406 nostrum
906 1329 1047 1406 Romae
1062 1326 1199 1406 cauffas
1213 1329 1337 1433 egisse,

340 1521 343 1530 ¹
454 1434 581 1537 paullo
616 1448 700 1507 ante
732 1458 778 1506 ex
805 1431 997 1514 Lastantio
1024 1447 1064 1507 et
1096 1435 1337 1537 Hieronymo

452 1536 591 1614 uiuum
603 1532 674 1610 est:
699 1559 820 1632 neque
835 1534 912 1611 hoc
927 1532 1003 1636 ipse
1018 1531 1231 1636 diffundat,
1248 1564 1338 1615 cum

369 1641 373 1648 ’
455 1637 725 1720 vindemiarum
746 1635 845 1713 feriis
867 1662 994 1715 curam
1018 1636 1244 1714 iudiciaiiam
1271 1637 1338 1717 sibi

452 1739 637 1819 temiffam
652 1735 754 1815 fuisse
768 1756 902 1816 narrat
955 1741 1014 1816 Sic
1034 1746 1134 1815 enim
1157 1761 1193 1818 et
1215 1742 1339 1842 leia-

455 1871 528 1922 nus
550 1850 592 1917 in
620 1839 806 1918 Pandems
829 1842 921 1944 lege.
936 1844 962 1917 1.
995 1842 1040 1918 de
1064 1844 1174 1921 feriis
1196 1842 1333 1944 scribit,

365 2001 368 2010 -
455 1950 511 2025 M.
533 1942 720 2023 Antonini
739 1950 971 2047 imperatoris
995 1953 1164 2025 oratione
1190 1946 1333 2048 expres-

455 2047 537 2127 sum
556 2044 679 2149 fuisse,
701 2051 832 2153 nequis
853 2045 991 2151 meffium
1016 2062 1077 2124 aut
1098 2049 1334 2128 vindemiarum

181 2247 184 2256 ¹
282 2178 286 2186 ’
402 2163 419 2196 ’·
454 2166 601 2255 immori
628 2144 853 2256 aduersarium
878 2164 1006 2252 cogeret
1034 2150 1082 2227 od
1108 2153 1259 2228 iudicium
1280 2182 1335 2230 ve-

406 2327 421 2338 .
448 2258 537 2334 nire.
616 2255 729 2333 Sicuti
758 2272 796 2333 et
816 2255 1011 2333 Suetonius
1035 2253 1140 2357 (cap.
1156 2258 1334 2361 XXXV.)

454 2373 605 2459 narrat,
639 2352 1044 2462 Augustum'statuiffe,
1085 2385 1124 2433 ne
1151 2357 1337 2463 Septembri

347 2530 349 2535 .
452 2460 636 2542 ,uiolariue
648 2456 749 2567 mense
761 2460 896 2640 necfsl'ee
919 2475 949 2537 et
963 2469 1003 2536 in
1016 2459 1181 2541 senatum
1194 2472 1333 2542 venire.

455 2568 578 2644 Immo
598 2590 691 2643 vero
712 2581 750 2642 et
770 2570 847 2667 ipe
905 2571 1081 2669 yprianus
1102 2625 1114 2666 ‚
1144 2581 1335 2668 tamquam

382 2694 386 2701 ·
446 2669 548 2757 ¹alter
567 2671 776 2769 Minucius,
808 2675 850 2743 in
878 2666 941 2744 sua
961 2667 1111 2769 epistola
1134 2667 1179 2745 ad
1203 2671 1335 2750 Dona·

226 2880 231 2889 s
312 2778 315 2783 ’
453 2788 534 2849 tum
549 2769 662 2874 (edit.
676 2771 988 2850 Oxon.Tratiatu
1004 2769 1050 2848 de
1065 2777 1268 2875 gratiapag.
1282 2776 1334 2878 1.)

309 3716 314 3723 ι
445 3591 628 3699 selliisque
649 3595 825 3679 audaeus
844 3596 1087 3677 nobilissimus
1113 3584 1330 3678 cauffidicus

233 4012 419 4349 ‘a

453 2880 623 2953 meminit
642 2879 721 2951 eius
734 2880 933 2974 temporis,
958 2900 1052 2975 quo,
1077 2892 1119 2952 vt
1133 2882 1201 2976 ait,
1227 2877 1333 2955 indul-

479 2976 724 3054 mteuindemia
738 2969 870 3080 fhlutus
892 2980 1020 3053 animus
1042 2981 1075 3053 in
1100 2982 1255 3084 quietem,
1272 2975 1333 3085 so-

450 3004 567 3157 {mnes
579 3078 727 3182 etstotas
740 3077 904 3183 annifoti
927 3083 1016 3156 antis
1023 3079 1169 3157 inducias
1172 3077 1331 3187 sortitur.

451 3179 508 3260 At
529 3200 608 3260 tum
628 3180 774 3281 quidem
802 3180 886 3262 sece
913 3209 957 3261 us
976 3208 1165 3263 amoenos
1185 3206 1333 3288 captare

450 3283 490 3363 se
506 3292 574 3385 ait,
601 3284 666 3362 vbi
689 3283 859 3365 derebus
884 3285 1017 3363 diuinis
1039 3295 1188 3388 cogitet.
1239 3293 1332 3369 Non

450 3384 626 3465 diffamilis
645 3385 696 3465 est
724 3397 889 3469 narratio
912 3389 1026 3468 nostri
1044 3395 1214 3469 Minucii.
1237 3470 1239 3475 ,
1266 3396 1331 3471 Fe-

446 3490 541 3568 lices
557 3515 649 3573 vero
668 3492 752 3571 illae
774 3492 907 3594 feriae,
938 3495 1068 3594 quibus
1097 3521 1118 3574 a
1141 3493 1228 3574 foro
1247 3494 1331 3573 sub-

1272 3701 1325 3782 est

485 3838 506 3882 *
534 3835 712 3903 sardensem
749 3838 867 3923 episco·
899 3857 956 3922 pro
993 3837 1181 3908 Christianls.
1213 3840 1328 3909 Hiero·

435 3921 692 4008 ,aununtiarem
701 3925 866 4010 apologiae
898 3944 983 4010 sym.
1002 3924 1142 4012 Catatog.
