3109 4825
431 481 587 638 ἰ,96οῘ
726 537 1145 650 CYPRIANI'
1256 486 1260 503 Ι

216 751 223 762 '
285 799 288 804 .
379 770 406 810 s
435 741 438 746 '
465 734 596 818 iestatis
619 733 766 811 occulte
789 729 912 835 flagris
935 730 1060 833 caedi,
1090 740 1178 835 igne
1202 740 1350 835 torreri,

250 829 257 852 ‘
465 843 698 940 incremento
729 863 875 938 poenae
909 844 1148 939 propagantis
1186 837 1351 939 extendi,

468 940 622 1039 eiulare,
648 965 810 1041 gemere,
836 940 1044 1043 deprecari:
1070 939 1170 1017 vnde
1184 947 1351 1044 veniant,

468 1061 505 1119 et
519 1041 668 1144 quando
681 1041 884 1143 discedant,
909 1039 993 1145 ipsis
1009 1050 1131 1143 etiam,
1149 1042 1267 1144 qui-se
1286 1071 1351 1123 co·

466 1148 568 1245 lunt,
591 1144 840 1247 audientibus,
868 1144 1066 1241 confiteri3
1089 1166 1126 1221 et
1151 1147 1212 1223 vel
1235 1143 1352 1223 exfili-

467 1266 537 1325 unt
551 1247 678 1342 statim,
705 1250 766 1325 vel
783 1249 1007 1327 euaneseunt
1022 1248 1214 1350 gradatim,
1234 1269 1370 1352 -prout¹

312 1425 315 1438 ,
468 1350 559 1428 fides
578 1360 747 1453 patientis
770 1352 938 1453 adiuuat,
972 1372 1035 1429 aut
1055 1357 1170 1453 gratia
1189 1362 1367 1431 curantis'

256 1539 261 1564 ι
306 1528 312 1552 x
424 1454 634 1557 'Sadspiran
686 1458 934 1558 Hincvulgns
950 1462 990 1530 in
1007 1453 1135 1533 odium
1149 1454 1263 1533 nostri
1284 1484 1352 1535 no-

295 1551 304 1653 ,¹
468 1566 578 1636 minis
598 1576 761 1660 cogunt,
789 1577 831 1634 vt
849 1585 920 1635 nos
944 1556 1056 1635 odiffe
1080 1564 1261 1659 incipiant
1282 1562 1351 1639 ho-

416 1731 421 1738 .
455 1669 587 1738 mines
616 1681 812 1761 antequam
842 1659 972 1760 noste,
1012 1687 1060 1736 ne
1086 1670 1261 1763 cognitos
1289 1680 1352 1744 aut

429 1819 434 1830 1
466 1772 601 1841 imitari
624 1762 780 1865 possint,
815 1783 879 1862 aut
907 1764 1081 1839 damnare
1103 1792 1183 1841 non
1203 1764 1349 1866 possint.
1381 1773 1383 1778 '

418 1870 573 1952 V.Vnus
607 1874 720 1968 igitur
749 1874 919 1945 omnium
946 1866 1121 1944 dominus
1150 1864 1199 1943 est
1225 1869 1348 1946 Dens:

357 2017 361 2024 ·
468 1978 718 2070 nequeenim
751 1971 812 2047 illa
837 1970 1036 2047 sublimitas
1067 1969 1184 2072 potest
1209 1970 1349 2047 habere

469 2071 702 2177 consortem,
757 2102 848 2151 uum
866 2072 941 2151 sola
963 2099 1114 2152 omnem
1140 2090 1263 2152 teneat
1282 2098 1350 2177 po-

384 2205 395 2222 ·
469 2175 642 2254 testatem.
696 2100 760 2254 A}
774 2176 941 2255 diuinum
958 2184 1157 2279 imperium
1177 2186 1288 2255 etiam
1304 2177 1350 2255 de

443 2288 576 2360 aterris
622 2298 836 2359 mutuemur
885 2282 1107 2383 exemplum.
1184 2281 1349 2382 Quando

342 2391 345 2396 ’
389 2382 392 2396 ’
468 2408 645 2489 vmquam
665 2392 772 2488 regni
793 2382 947 2464 societas
973 2402 1035 2462 ant
1058 2410 1146 2462 cum
1168 2381 1243 2462 fide
1262 2410 1349 2464 coe-

467 2495 541 2592 pit,
585 2507 648 2566 aut
674 2486 750 2566 fine
775 2515 910 2567 eruore
937 2484 1065 2566 desiit?
1116 2489 1175 2565 Sic
1198 2489 1350 2566 Theba·
1386 2508 1390 2521 ’

467 2618 606 2670 norum
668 2601 863 2670 ermanitas
893 2611 1026 2694 rupta,
1057 2606 1094 2667 et
1128 2617 1350 2693 permanens

468 2702 571 2798 rogis'
595 2693 627 2772 d·
657 2695 841 2774 identibus
869 2704 980 2773 etiam
1009 2703 1049 2772 in
1071 2712 1191 2773 morte
1213 2694 1350 2876 disffir-

1312 2828 1350 2880 a:

473 2933 588 3000 Videas
604 2898 771 3007 iilosastan
790 2933 891 3018 nostra
926 2938 1010 2999 cium
1026 2939 1136 3024 adeap.
1146 2938 1264 3007 XVffl.
1275 2926 1347 3003 seii.

467 3040 554 3095 voce,
565 3018 623 3105 saci
637 3021 892 3101 operationem
925 3021 956 3086 6.
974 3022 1007 3090 &
1025 3044 1103 3108 quae
1120 3045 1179 3087 nos
1195 3022 1237 3089 ibi
1254 3026 1349 3089 adno-

467 3104 579 3190 a'eflatis
611 3103 740 3168 occultae
773 3104 892 3190 flagris
924 3110 1069 3174 tanimus.
1092 3122 1261 3174 centnm

467 3191 562 3255 caedi.
967 3197 1054 3278 rogis
1068 3195 1101 3259 di
1120 3193 1284 3272 zdentibus]
1306 3194 1349 3260 E·

472 3298 475 3303 ·
516 3296 528 3341 1
556 3274 687 3338 omnium
705 3272 891 3359 dominusest
925 3282 1087 3343 teocles‘et
1118 3282 1347 3367 olynicescum

467 3361 575 3435 Deus]
616 3357 711 3424 Gron.
741 3360 893 3425 Dominus
925 3368 1044 3429 mutuis
1054 3367 1236 3431 vulneribus
1248 3369 1349 3451 exspi-

467 3465 545 3509 vaus
561 3446 600 3528 est
621 3444 714 3510 Deus.
923 3449 1347 3537 raffent,i]liusquidemcor-

472 3566 474 3571 ·
503 3549 530 3595 a
543 3527 891 3614 &cTiebanoa'umger-
923 3555 981 3619 pus
996 3539 1256 3602 concremandum
1265 3558 1346 3621 rogo

454 3618 617 3705 xmanitas]
628 3615 814 3684 Veronensis
825 3616 888 3680 MS.
923 3624 1154 3704 imponebatur3
1174 3625 1269 3687 huius
1287 3645 1347 3689 ve-

442 3732 445 3737 ·
465 3701 551 3783 liber.
586 3701 796 3766 Thebanorum
813 3699 889 3784 sra—
921 3729 956 3769 ro
970 3711 1345 3792 corpuscnnonMenoe-
1370 3758 1373 3775 .

460 3794 549 3851 ‚trum
568 3809 604 3872 g.
628 3790 712 3873 quod
741 3786 887 3870 glossema
907 3795 945 3866 nti
963 3793 1062 3868 filius,
1080 3795 1253 3878 sepulturae
1267 3795 1346 3859 tradi

464 3874 601 3948 videtur,
633 3885 666 3936 et
705 3874 887 3957 interpreta-
922 3881 1033 3952 vetuit,
1052 3883 1135 3964 quod
1151 3883 1346 3967 patriamop-

245 3990 249 3997 ·
327 4006 339 4027 ,-
463 3971 618 4026 mentum
666 3958 756 4025 Adde
781 3958 885 4027 Minu·
917 3975 1091 4051 pugnatum
1109 3969 1247 4034 venen't.-
1278 3967 1345 4032 Ne·

331 4066 338 4085 *
1280 4072 1342 4138 que
