3109 4825
393 598 398 608 .
458 493 542 644 299'
583 475 1211 616 FRANCISCIBALDvlnlr
1251 507 1253 512 ’
1320 495 1392 596 ᾖ,

279 781 283 790 .
332 787 336 798 ,
443 724 515 818 ‘cis
535 713 690 792 fiebant:
741 733 879 814 tamen,
912 724 997 816 quia
1020 719 1109 792 alius
1141 730 1219 789 erat
1246 712 1348 816 finis

461 817 627 919 aliusque
640 818 744 918 usus,
763 817 831 924 ‚sua
846 817 945 894 sacra
967 818 1112 893 delendi
1135 814 1236 917 posse
1257 816 1349 895 scie-

381 953 386 960 ’
417 929 419 938 “
461 924 571 1021 bant,
611 921 674 997 etsi
701 923 858 998 aliorum
884 922 1087 1019 κακοζηλίων
1116 919 1346 999 damnarent.

464 1022 737 1126 Sacrificiorum
751 1025 1007 1100 Romanorum
1021 1030 1111 1098 ritus
1132 1050 1244 1123 quam
1267 1026 1348 1102 val-

299 1217 303 1224 ,
355 1125 357 1130 ’
464 1126 511 1204 de
526 1122 698 1203 irrident?
730 1126 848 1225 Atqui
869 1153 949 1202 non
974 1122 1146 1201 dissimilis
1168 1127 1257 1202 olim
1282 1153 1347 1206 eo-

460 1257 566 1329 rum,
606 1255 698 1329 quae
729 1228 818 1329 'lege
847 1228 971 1304 diuina
1001 1227 1140 1305 ludaeis
1172 1229 1346 1310 mandata

460 1350 587 1428 erant,
613 1331 734 1408 forma
749 1331 828 1407 suit.

514 1430 584 1512 Etsi
601 1453 722 1512 atatem
736 1432 933 1512 Christiani
948 1450 1064 1510 aetate
1085 1432 1199 1512 nostri
1217 1439 1345 1513 Minu-

463 1545 513 1636 cii
535 1536 598 1614 sua
619 1539 756 1637 templa
776 1535 930 1637 superbe
960 1538 1125 1613 attollere
1150 1536 1196 1611 ad
1220 1564 1344 1616 exem·

489 1641 566 1717 lum
581 1642 817 1725 ethnicorum
830 1666 910 1716 non
932 1636 1091 1739 possent:
1113 1658 1238 1716 tamen
1261 1641 1344 1722 suas

460 1667 589 1825 saltem
604 1743 791 1818 habebant
804 1761 965 1845 cryptas
991 1760 1026 1816 et
1040 1742 1214 1842 quasdam
1232 1753 1343 1820 etiam

459 1845 571 1926 aedes
586 1864 623 1921 et
636 1844 768 1922 domus
785 1842 902 1921 sacras
918 1851 958 1920 in
981 1851 1105 1945 apulis
1127 1860 1158 1920 el
1182 1846 1271 1921 italiis
1291 1848 1307 1920 l
1324 1895 1341 1910 -

462 1952 527 2049 cis,
553 1965 593 2024 vt
606 1949 861 2024 Tertullianus
878 1956 946 2048 ait,
971 1967 1007 2022 et
1021 1949 1189 2025 lubenter
1201 1975 1341 2025 conue-

336 2137 342 2142 ,
444 2051 615 2129 'niebant
628 2051 672 2127 ad
686 2053 749 2128 illa
761 2051 913 2128 suorum
929 2071 1134 2152 martyrum
1157 2052 1340 2153 sepulcra:

463 2179 557 2255 quae
582 2155 783 2259 xocpnrlpe
808 2154 1005 2233 vocabant.
1057 2157 1154 2232 Nam
1182 2173 1219 2231 et
1246 2158 1342 2234 haec

458 2259 533 2336 -illis
547 2255 739 2359 permisisse
756 2259 968 2342 Gallienum
983 2265 1244 2358 imperatorem
1256 2258 1341 2358 <qui

461 2363 622 2440 Minucii
636 2378 790 2439 aetatem
808 2388 890 2441 non
909 2360 1026 2463 longo
1046 2362 1240 2440 interuallo
1262 2369 1345 2446 atti,-

461 2465 541 2568 git)
563 2464 735 2542 Eusebius
757 2464 890 2559 scribit.
942 2464 1048 2540 Ridet
1068 2484 1188 2540 autem
1209 2466 1344 2544 Caeci-

460 2570 533 2645 lius
540 2630 552 2668 ,
579 2567 678 2668 quod
698 2568 894 2646 Christiani
906 2566 990 2644 suos
1004 2574 1077 2643 iam
1093 2576 1166 2645 vita
1179 2566 1341 2670 sunslos,

463 2691 640 2749 nontam
662 2691 831 2751 mortuos
854 2669 942 2770 effe,
972 2697 1081 2770 quam
1102 2666 1264 2749 dormir'e
1289 2671 1342 2747 di-

372 2805 374 2810 ’
462 2793 608 2875 cerent,
635 2792 672 2852 et
685 2774 896 2874 crederent,
923 2800 1197 2875 corporumque
1218 2774 1342 2853 resur-

459 2878 664 2957 reslionem
685 2879 869 2955 iaslarent.
919 2876 1037 2978 Atqui
1058 2893 1095 2953 et
1115 2876 1212 2979 apud
1232 2876 1340 2955 suurn

459 2983 669 3061 Homerum
685 2978 803 3082 (lliad.
813 3001 854 3058 Ω.
864 3007 899 3057 ν.
911 2982 1014 3081 344.)
1031 2981 1181 3082 legerat,
1195 2982 1339 3061 ὑπνώον-
1380 3012 1383 3017 ’

459 3113 530 3168 τως
545 3081 694 3193 ἐγείρων,
716 3101 752 3159 et
769 3082 865 3185 apud
878 3086 1072 3187 Virgilium
1088 3082 1266 3180 (Aeneid.
1278 3087 1339 3163 lV.

457 3185 548 3261 vers.
568 3186 679 3286 244.)
691 3179 828 3288 fhnznos
849 3189 1008 3287 adinrare,
1034 3214 1149 3287 quum
1170 3185 1216 3262 de
1237 3213 1340 3264 mor-

457 3293 531 3364 tuis
558 3295 599 3363 in
627 3295 741 3364 vitam
772 3291 993 3369 reuocandis
1025 3297 1154 3392 agitur.
1232 3290 1337 3388 Quid

457 3408 644 3490 praeterea
670 3392 732 3468 hic
760 3394 990 3496 responderit
1017 3393 1213 3492 Oslauius,
1243 3419 1338 3470 con-

200 3576 208 3591 ,
456 3491 544 3569 serri
558 3493 675 3594 potest
702 3522 787 3573 cum
807 3505 870 3599 iis,
900 3525 992 3598 quae
1014 3515 1121 3574 antea
1136 3497 1338 3598 Theophi-

172 3646 220 3705 χ,
454 3594 839 3701 1υε,,,Αῑὴεηειςοτηε,
866 3602 1041 3700 lullinuS,
1066 3601 1337 3702 Tertullianus,

455 3697 584 3776 eadem
599 3700 698 3780 dere
713 3703 896 3806 scripsere.
948 3708 1043 3780 Nam
1069 3705 1141 3782 bos
1163 3702 1336 3804 sequutus

454 3802 642 3884 Minucius
658 3804 717 3886 est.
770 3806 878 3885 Ridet
895 3809 1080 3887 Caecilius
1104 3807 1210 3909 (cap.
1225 3809 1335 3911 ΧΠ.)
1378 3864 1380 3869 -

224 3936 431 4290 ἢ
454 3902 703 4012 Chrillianos,
737 3910 840 4015 quod
871 3910 1053 4003 cadauera
1072 3924 1223 4013 ungant,
1250 3936 1335 3991 non

408 4024 413 4033 '
438 4050 442 4059 ·
1018 4052 1020 4057 ·
1160 4025 1330 4092 coronent.
