3109 4825
349 445 421 606 {08
460 475 793 574 rnnncrscr
819 477 1101 565 saturnu

331 681 474 772 ,multis
499 663 720 756 Tertulliani
742 676 1025 777 loeisapp'aret:
1051 692 1231 777 erantque
1257 691 1260 698 “

348 792 515 887 inprimis
549 781 714 877 dociles,
733 786 980 878 minimeque
1015 777 1231 859 retractam:
1274 873 1276 878 Ι

340 888 452 989 quod
468 880 589 984 etipse
604 886 790 957 Lucianus
815 886 848 956 iu
879 883 1055 982 Plzisopei.
1079 879 1232 960 indicat.
1255 947 1259 955 .

351 982 615 1068 Contentiosad
647 990 767 1083 itaque
813 982 1083 1085 disputationes
1107 987 1251 1063 nullae·

255 1171 260 1178 ,
327 1116 445 1169 -cum
462 1096 506 1163 iis
532 1102 650 1163 erant:
690 1085 756 1164 sed¹
780 1087 930 1189 placidis
961 1090 1235 1165 monitionibus

271 1225 295 1268 ·.·
351 1194 482 1293 religio
498 1187 707 1267 docebatur.
760 1190 843 1267 Post
859 1186 1066 1266 catechefin
1079 1199 1144 1291 qui
1158 1200 1235 1268 iam

244 1319 248 1330 ¹
313 1302 316 1306 ’
351 1295 415 1386 sua
429 1300 582 1370 nomina
592 1290 770 1370 Ecclesiae
787 1291 979 1393 dederant,
995 1309 1036 1371 vt
1049 1292 1234 1394 baptismo

237 1477 243 1486 ,
320 1447 324 1454 ,
350 1404 599 1494 initiarentur‚
627 1397 795 1497 appellati
809 1395 891 1471 sunt
912 1409 1144 1497 competentes:
1168 1423 1247 1478 eo·.

166 1580 167 1584 ,
199 1525 206 1536 '
262 1577 286 1596 „
308 1542 321 1593 ς
351 1525 507 1598 rumque
521 1497 642 1575 rursus
656 1506 696 1573 in
710 1499 840 1575 ordine
853 1499 1056 1577 Caecilium
1074 1506 1148 1573 iam
1165 1506 1235 1578 no-

189 1610 191 1616 ’
275 1677 307 1700 ,,
351 1603 464 1682 strum
492 1601 706 1703 conspicere
736 1609 849 1678 iuuat.
901 1600 982 1678 Post
1013 1600 1234 1702 baptismum

243 1733 249 1746 ·
295 1769 298 1775 .
353 1701 566 1786 candidatus
584 1704 742 1804 denique
759 1711 940 1806 particeps
955 1702 1067 1780 fiebat
1091 1712 1153 1783 τῶν
1168 1739 1236 1802 μυ-

272 1869 276 1876 ,
354 1808 480 1909 capsur,
502 1809 669 1908 aquibus
683 1825 789 1883 antea
805 1811 934 1910 procul
951 1804 1067 1882 abesse
1081 1810 1236 1885 iubeba-

224 1959 228 1978 .
352 1925 422 1985 tur.
474 1914 605 2011 Neque
633 1909 719 1987 sane
748 1909 794 1985 de
820 1918 893 2011 iis,
931 1930 993 1986 aut
1021 1909 1264 2011 promiscue.

353 2011 553 2114 disputare,
586 2031 649 2090 aut
674 2039 802 2092 coram
829 2012 991 2116 profanis
1015 2014 1241 2091 bominibus

222 2121 233 2170 -’
353 2114 540 2217 disserere,
567 2124 725 2194 maiores
747 2117 861 2195 nostri
884 2116 1056 2194 solebant.
1110 2115 1234 2194 Testis

189 2229 198 2250 ¹
353 2217 404 2295 est
417 2219 613 2298 Theodor.
627 2225 650 2269 s
665 2228 704 2296 in
723 2222 829 2297 Eran.
882 2222 979 2296 Nam
1001 2220 1063 2295 illa
1083 2220 1236 2321 religio-

168 2387 174 2394 .
279 2315 283 2348 ³
309 2319 320 2344 ⁸
354 2321 424 2398 sius
440 2343 548 2425 atque
568 2322 660 2400 adeo
673 2321 835 2402 timidius
856 2322 1042 2400 tradanda
1063 2321 1133 2399 esse
1155 2322 1237 2399 sen‘-

347 2427 509 2507 tiebant:
526 2445 583 2503 'et
605 2427 781 2527 quorsum
803 2430 941 2529 alioqui
963 2452 1021 2502 res
1048 2426 1234 2529 euaderet,

353 2516 469 2631 longe
495 2530 775 2632 prospiciebant.
830 2534 955 2632 ltaque
979 2531 1084 2631 lieet,
1117 2540 1235 2630 quu'm

354 2632 614 2709 accusarentur
630 2660 759 2710 eorum
776 2634 940 2737 συνάξεςς,
966 2659 1101 2734 magna
1114 2631 1235 2712 caussa

210 2750 214 2757 “
257 2779 261 2783 -
356 2732 428 2812 effe
467 2736 677 2835 videretur,
727 2760 795 2810 cur
823 2760 1010 2835 exponere
1042 2736 1233 2837 deberent,

229 2920 233 2927 ,
355 2837 533 2939 quidquid
547 2848 587 2914 in
603 2846 648 2914 iis
673 2856 860 2939 ageretur3
885 2856 1009 2913 tamen
1033 2838 1077 2915 de
1101 2839 1236 2941 myste-

352 2943 537 3020 riis-nibil
567 2941 694 3017 dicunt
723 2946 763 3017 in
795 2939 909 3039 som,
958 2968 1079 3042 neque
1113 2941 1160 3017 de
1189 2950 1236 3020 iis
1277 2962 1280 2969 ·

1147 3051 1236 3122 cum

350 3232 354 3237 ’
396 3216 679 3289 *TheodoretuS‚
713 3215 778 3301 cy·
811 3216 903 3283 εἰπεῖν.
941 3213 1011 3292 dade
1057 3214 1235 3308 ydp‘n'eoec

353 3301 487 3365 tenensis
524 3303 701 3384 episcopus,
744 3305 777 3364 in
812 3299 965 3392 ἀμυήτους
982 3308 1116 3395 napaeas.
1164 3305 1236 3366 dun

353 3386 608 3469 dialogi5,quibus
621 3386 777 3471 Eramflae
812 3387 892 3446 decet
917 3388 1145 3471 aperielloqui:
1166 3387 1236 3472 sor·

169 3520 172 3529 .
354 3473 554 3545 nomendnt,
584 3473 718 3554 Dialogo
736 3466 775 3534 ΙΙ.
812 3471 891 3554 suffit
932 3469 1044 3554 adsunt
1087 3472 1238 3554 mysteriis

251 3634 254 3640 Ι
353 3574 425 3639 pag.
456 3572 522 3638 159·
554 3556 599 3620 ed.
626 3557 709 3641 Lipſs
732 3559 777 3620 ita
812 3556 942 3617 nondum
959 3559 1084 3620 initiati.
1128 3560 1236 3623 Refert

355 3641 577 3704 Orthodoxum
593 3644 713 3705 inducit
733 3643 776 3704 E·
810 3641 962 3703 Eranistes
983 3665 990 3706 :
1056 3645 1236 3734 αάνιγματω·

354 3727 499 3799 maitiae,
531 3728 568 3788 de
584 3728 614 3791 S.
636 3728 776 3789 euchari·
810 3726 866 3798 δῶς
913 3726 931 3799 u‘
975 3726 1127 3818 desipuit
1173 3731 1234 3803 ἕςω·

353 3809 407 3874 stia
418 3812 638 3894 interroganti,
654 3814 775 3895 respon·
810 3811 1010 3892 Proponatur
1029 3833 1101 3895 ergo
1118 3834 1151 3875 m
1161 3812 1255 3894 fora

351 3894 494 3961 dentem:
539 3892 637 3993 ξχςῆ
667 3898 782 3991 caditis1
809 3916 860 3961 ma
874 3897 1059 3981 aenigmatis
1078 3897 1233 3983 responso.
