3109 4825
532 464 951 608 DISSERTATIO.
1118 553 1239 628 297²
1332 591 1364 648 .·

300 711 306 776 Ῐ
316 689 385 800 etsr
394 689 507 795 frater
522 743 603 796 non
616 712 679 817 srt,
700 716 799 794 reste
814 729 936 792 tamen
950 714 1192 796 FRATREM
1211 779 1220 808 ,

287 873 290 880 -
318 815 730 929 sinrplieiterappellari,
751 818 854 920 quod
871 839 907 894 et
921 826 961 893 in
973 820 1086 895 libros
1103 827 1191 896 iuris
1254 835 1276 885 λ

317 924 471 1001 relatum
492 923 561 1024 est,
586 925 638 1022 L„
655 923 921 1027 quinquageſsmn
943 921 1060 996 odrina
1081 923 1119 997 de
1140 923 1194 998 sre-
1259 923 1264 949 ²

318 1028 385 1105 reis.
402 1026 500 1128 instit.
552 1029 655 1126 Qiin
668 1033 785 1104 immo
799 1045 835 1102 et
851 1028 941 1102 olim
963 1024 1061 1126 ipsos
1080 1022 1196 1102 Eslae-

321 1156 383 1229 οε,
407 1149 489 1205 ante
518 1145 685 1229 tempora
707 1129 1023 1228 Christianorum,
1053 1135 1100 1204 ita
1121 1127 1193 1204 sese
1240 1170 1245 1186 =

318 1240 481 1309 inuicem
514 1230 770 1333 compellasse,
811 1231 921 1308 didici
953 1258 999 1307 ex
1033 1209 1195 1330 qbodam
1343 1293 1345 1299 .

320 1337 486 1414 Philonis
502 1335 731 1440 fragmentO,
755 1334 859 1435 quod
881 1330 991 1410 exstat
1009 1334 1104 1434 apud
1125 1336 1196 1410 Eu·

318 1436 460 1515 sebium
510 1440 584 1536 napi
633 1438 912 1546 npowgoimttvic
961 1435 1054 1539 (lib.
1101 1440 1193 1514 Vlll.

321 1566 399 1643 cap.
421 1542 527 1645 ΧΗ.)
846 1567 848 1571 ’
1143 1563 1147 1573 ·

375 1645 598 1728 Horribilius
613 1642 663 1720 est
678 1643 851 1744 alterum,
875 1641 986 1744 quod·
999 1632 1197 1723 obiicieba-
1209 1645 1219 1743 s

322 1763 400 1846 tur,
426 1752 541 1823 crimin
558 1745 775 1850 infanticidii:
805 1756 1003 1849 coepitque
1022 1750 1115 1824 haee
1137 1774 1197 1824 ea·
1238 1803 1240 1816 .
1264 1773 1278 1788 ··

321 1851 458 1927 sumnia
471 1843 596 1954 paullo
620 1848 700 1952 post
721 1869 890 1952 tempora
903 1854 1075 1949 Traiani,
1102 1870 1138 1927 et
1153 1846 1198 1926 ad
1323 1877 1325 1886 ·

323 1952 557 2038 Constantini
570 1972 723 2030 aetatem
743 1952 970 2055 perdurauit,
997 1973 1033 2030 et
1051 1952 1200 2054 quidem
1250 1996 1255 2004 ·
1295 1967 1297 1972 '

325 2082 413 2133 curn
445 2064 581 2157 tragica
606 2055 813 2157 suspicione
839 2057 1028 2134 cuiusdam
1058 2081 1199 2152 coenae

326 2157 547 2260 Thyesteae.
611 2160 681 2234 Sed
695 2158 795 2235 vnde
810 2160 901 2235 haec
923 2157 1101 2261 suspicio?
1119 2161 1124 2166 ’
1152 2187 1200 2235 arr

324 2268 410 2363 quia
426 2261 627 2340 Christiani.
637 2260 760 2338 dicere
772 2259 933 2337 solerent
947 2259 983 2337 se
1000 2260 1097 2339 vesei
1117 2279 1201 2340 cor·
1242 2323 1247 2332 .
1364 2323 1372 2330 .

324 2389 418 2468 pore
442 2382 480 2442 et
499 2364 675 2466 sanguine
699 2360 863 2442 Christi?
903 2359 992 2440 sieut
1013 2390 1033 2440 e
1055 2364 1199 2445 diuerso
1321 2409 1326 2417 ·
1383 2389 1392 2396 ·

326 2486 449 2546 narrat
461 2467 690 2568 Augustinus
709 2465 889 2565 quosdam
907 2468 1102 2568 aliquando
1128 2476 1203 2544 exi-
1271 2474 1286 2489 ²
1317 2491 1322 2509 ¹

327 2569 497 2671 stimasie,
521 2571 565 2648 ab
581 2567 795 2648 Christianis
817 2567 960 2645 adorari
974 2571 1156 2649 Cererem
1166 2572 1204 2648 et
1274 2600 1276 2604 ¹
1349 2594 1353 2619 ·

304 2710 310 2721 ³
327 2675 536 2770 Bacchum,
562 2700 676 2774 quurn
689 2671 856 2750 audirent
870 2679 909 2746 in
924 2699 1055 2752 eorum
1070 2672 1203 2776 rnyste-

326 2785 389 2855 riis
406 2784 495 2852 tanti
509 2774 588 2855 fieri
602 2803 736 2887 panepr
748 2792 786 2852 et
803 2782 949 2854 vinum:
974 2803 1095 2876 neque
1115 2777 1204 2854 alio·

329 2888 488 2980 quirem
507 2880 764 2981 intelligerent.
816 2880 918 2979 Qud
938 2879 1077 2980 dicam,
1102 2878 1204 2980 quod
1321 2888 1325 2894 .

306 2985 590 3087 Epiphanius?
605 3001 748 3083 narrat,
774 2984 964 3082 quondam
982 2984 1204 3083 haereticos,

318 3094 394 3187 'qui
418 3085 588 3164 Gnostici
612 3106 648 3163 et
668 3086 925 3188 Cataphryges
949 3105 985 3162 et
1007 3090 1229 3187 Pepuzianis

331 3190 633 3290 appellabantur,
674 3188 711 3265 se
744 3213 837 3266 vero
871 3188 1099 3267 Christianos
1133 3186 1203 3267 elle
1240 3214 1242 3219 ·
1275 3230 1283 3253 -,
1313 3228 1325 3237 -

331 3293 623 3393 mentiebantur,
649 3286 894 3392 commisrsle,
908 3291 1007 3392 quod
1032 3293 1094 3370 bic
1111 3292 1206 3372 Cae·
1344 3318 1346 3323 ·

333 3395 438 3471 cilius
455 3396 630 3475 omnibus
654 3392 868 3473 Christianis
889 3392 1038 3489 obiicit?
1069 3395 1139 3473 Sed
1159 3412 1212 3473 an>
1300 3398 1312 3421 ''

332 3524 491 3597 aequum
514 3497 605 3599 suit,
632 3515 673 3574 vt
695 3504 784 3574 viris
810 3497 920 3574 bonis
940 3517 1132 3600 propterea
1146 3498 1208 3575 ad,

332 3598 679 3701 fingeretur,*quod
696 3600 740 3675 ab
762 3607 810 3675 iis.
831 3621 908 3678 erat
933 3597 1209 3678 alieruslirnum?

334 3701 546 3784 Aduersarii
577 3703 666 3781 loco
703 3704 934 3806 probationis
958 3704 1209 3784 obtendebant
1335 3760 1343 3767 -
1383 3748 1387 3758 =

677 3835 680 3842 ·
774 3809 858 3905 T5
1023 3870 1026 3881 .
1076 3806 1211 3892 sarnam
1276 3841 1286 3891 j
1345 3806 1347 3811 ’

827 3913 833 3921 x

292 3946 300 3981 ¹
342 3880 350 3897 ³
378 3948 396 3991 *
416 3943 605 4035 Epiphanius
622 3895 745 4027 Haerefi
759 3944 908 4033 XLVIII.
922 3943 1209 4029 seilellbtffi·

1327 4094 1330 4107 .

1245 4278 1248 4285 ι
1283 4084 1392 4269 Τι’

1112 4314 1116 4319 ·
1249 4308 1262 4335 x
1283 4326 1294 4347 „

1222 4390 1228 4395 ·
1268 4392 1274 4421 r
